3098 5110
235 343 255 406 6
586 341 614 394 0.
635 340 791 396 SVETONI
809 340 1032 406 TRANQVILLI

234 505 481 570 extraordinarii
512 503 638 586 imperii
669 505 883 587 occasionem,
919 505 1004 586 quod
1035 503 1244 569 Alexandrini
1274 527 1386 590 regem

235 635 328 676 suum
352 611 475 676 socium
503 614 599 692 atque
627 611 767 675 amicum
791 633 809 674 a
832 614 945 674 senatu
974 611 1170 693 appellatum
1197 613 1389 696 expulerant

234 740 349 801 resque
372 718 471 803 uulgo
500 717 739 799 inprobabatur.
785 738 844 780 neo
868 716 1010 781 obtinuit
1038 718 1226 782 aduersante
1251 719 1387 801 optima-

235 826 317 889 tium
345 824 498 888 factione:
527 844 663 905 quorum
693 823 917 887 auctoritatem
946 827 983 886 ut
1010 824 1126 907 quibus
1150 830 1259 908 posset
1282 826 1388 890 modis

235 932 269 996 in
299 931 402 994 uicem
432 930 643 1012 deminueret,
672 934 805 1014 tropaea
836 927 895 993 Gai
924 929 1007 994 Mari
1038 931 1076 995 de
1104 931 1261 1017 Iugurtha
1285 933 1388 1015 deque
1418 957 1433 996 5

237 1037 374 1102 Cimbris
403 1041 498 1120 atque
522 1036 677 1101 Teutonis
702 1037 779 1100 olim
809 1059 828 1100 a
852 1034 941 1100 Sulla
964 1037 1099 1102 disiecta
1124 1039 1266 1102 restituit
1290 1043 1389 1121 atque

236 1147 270 1209 in
302 1144 478 1212 exercenda
510 1142 548 1206 de
584 1142 695 1206 sicaris
727 1143 915 1224 quaestione
949 1163 1002 1206 eos
1036 1165 1164 1226 quoque
1197 1144 1389 1208 sicariorum

235 1273 370 1316 numero
393 1250 522 1332 habuit,
551 1248 607 1332 qui
629 1249 866 1332 proscriptione
890 1248 930 1313 ob
960 1249 1060 1312 relata
1084 1251 1204 1314 ciuium
1227 1249 1391 1314 Romano-

236 1381 308 1424 mm
339 1358 445 1441 capita
474 1356 626 1439 pecunias
657 1377 695 1418 ex
726 1356 848 1419 aerario
880 1360 1081 1439 acceperant,
1111 1379 1305 1440 quamquam
1336 1378 1390 1420 ex-

185 1459 226 1525 12
238 1467 347 1548 captos
373 1462 517 1526 Cornelis
544 1462 679 1547 legibus.
726 1461 916 1527 subornauit
944 1463 1039 1526 etiam
1069 1463 1125 1546 qui
1149 1461 1228 1528 Gaio
1251 1462 1388 1527 Rabirio
1405 1490 1435 1530 ro

237 1569 465 1654 perduellionis
499 1569 582 1632 diem
613 1568 747 1650 diceret,
777 1591 840 1651 quo
876 1570 1050 1653 praecipuo
1083 1570 1228 1633 adiutore
1264 1570 1390 1654 aliquot

207 1683 209 1686 ’
239 1680 313 1742 ante
332 1697 432 1768 annos
450 1675 531 1739 Luci
547 1673 712 1738 Saturnini
732 1675 919 1738 seditiosum
939 1676 1139 1740 tribunatum
1159 1681 1287 1740 senatus
1302 1697 1390 1742 coer-

239 1787 356 1866 cuerat,
380 1805 416 1847 ac
440 1786 526 1847 sorte
549 1782 644 1845 iudex
667 1782 701 1845 in
724 1804 814 1846 reum
838 1783 953 1846 ductus
976 1786 1044 1847 tam
1068 1783 1181 1866 cupide
1201 1782 1391 1847 condemna-

240 1892 297 1974 uit,
321 1893 357 1952 ut
381 1889 421 1952 ad
443 1890 599 1972 populum
622 1890 815 1972 prouocanti
842 1889 926 1953 nihil
948 1911 1048 1972 aeque
1073 1911 1109 1954 ac
1133 1889 1247 1953 iudicis
1271 1889 1391 1953 acerbi-

188 1991 230 2057 13
241 2002 290 2062 tas
313 1996 480 2080 profuerit.
519 1995 663 2080 deposita
685 1996 869 2078 prouinciae
894 2017 949 2078 spe
967 1996 1193 2079 pontificatum
1212 1997 1390 2060 maximum
1406 2021 1433 2060 1⁵

238 2104 322 2188 petit
348 2126 415 2167 non
443 2103 510 2166 sine
533 2101 759 2186 profusissima
787 2101 972 2187 largitione:
1001 2102 1035 2165 in
1059 2124 1122 2185 qua
1149 2106 1301 2186 reputans
1325 2126 1391 2166 ma-

240 2211 441 2296 gnitudinem
474 2209 556 2273 aeris
587 2208 698 2292 alieni,
732 2229 802 2272 oum
827 2230 919 2272 mane
948 2208 988 2272 ad
1017 2210 1148 2273 comitia
1178 2209 1391 2292 descenderet,

240 2317 435 2402 praedixisse
463 2315 559 2380 matri
588 2315 746 2380 osculanti
780 2314 883 2378 fertur
916 2315 1063 2379 domum
1092 2338 1130 2380 se
1157 2316 1235 2379 nisi
1263 2315 1391 2398 ponti·

241 2426 356 2489 ficem
379 2445 454 2488 non
478 2443 729 2486 reuersurum.
767 2424 863 2504 atque
882 2422 927 2484 ita
946 2421 1188 2504 potentissimos
1207 2421 1286 2486 duos
1307 2443 1392 2486 oom-

241 2531 394 2615 petitores
424 2529 625 2612 multumque
655 2532 687 2591 et
715 2531 818 2591 aetate
848 2531 879 2591 et
908 2527 1065 2612 dignitate
1095 2527 1317 2593 antecedentes
1341 2550 1390 2590 su·
1406 2553 1435 2593 ao

242 2633 377 2721 pera'uit,
400 2640 437 2699 ut
458 2636 552 2719 plura
575 2637 644 2718 ipse
668 2636 702 2698 in
721 2657 832 2698 eorum
851 2634 1000 2698 tribubus
1020 2635 1173 2719 suffragia
1192 2657 1288 2718 quam
1307 2639 1390 2698 uter-

242 2766 304 2827 que
329 2745 361 2807 in
385 2742 535 2808 omnibus
559 2742 680 2806 tulerit.

190 2843 234 2909 14
334 2850 468 2914 Praetor
498 2853 636 2932 creatus,
668 2849 793 2913 detecta
826 2849 1045 2913 coniuratione
1079 2847 1234 2913 Catilinae
1267 2853 1391 2912 senatu-

244 2981 305 3042 que
333 2959 484 3022 uniuerso
517 2957 550 3019 in
579 2957 683 3022 socios
712 2955 865 3019 facinoris
893 2955 1039 3020 ultimam
1062 2959 1223 3019 statuente
1245 2978 1392 3039 poenam,

244 3065 332 3131 solus
359 3063 582 3145 municipatim
606 3062 794 3126 diuidendos
824 3062 1112 3145 custodiendosque
1140 3063 1313 3145 publicatis
1338 3062 1391 3125 bo·
1406 3084 1433 3126 ss

243 3174 294 3235 nis
319 3172 451 3235 censuit.
498 3171 577 3252 quin
600 3172 632 3231 et
654 3172 781 3233 tantum
805 3171 927 3232 metum
951 3169 1061 3232 iniecit
1079 3169 1241 3252 asperiora
1260 3168 1392 3232 suaden-

244 3278 346 3360 tibus,
373 3275 547 3340 identidem
576 3279 739 3339 ostentans
768 3279 888 3358 quanta
916 3297 971 3340 eos
999 3276 1033 3338 in
1059 3279 1224 3359 posterum
1252 3299 1270 3338 a
1298 3276 1392 3360 plebe

244 3383 390 3448 Romana
413 3385 557 3445 maneret
579 3382 710 3466 inuidia,
733 3386 768 3445 ut
792 3381 960 3445 Decimum
985 3379 1129 3446 Silanum
1153 3383 1317 3447 consulem
1340 3382 1392 3446 de-

245 3491 408 3575 signatum
432 3510 497 3552 non
525 3489 669 3574 piguerit
697 3489 889 3552 sententiam
918 3510 1021 3572 suam,
1053 3490 1128 3572 quia
1150 3494 1274 3554 mutare
1298 3492 1391 3572 turpe

246 3599 322 3678 erat,
347 3596 610 3678 interpretatione
634 3595 742 3677 lenire,
766 3595 857 3658 uelut
880 3596 1010 3679 grauius
1031 3599 1126 3678 atque
1150 3597 1218 3678 ipse
1242 3596 1392 3659 sensisset
1406 3613 1434 3652 ³⁰

210 3707 419 3785 aexoeptam.
457 3701 648 3766 obtinuisset
671 3702 749 3765 adeo
773 3702 967 3766 transductis
992 3703 1055 3765 iam
1080 3703 1120 3766 ad
1143 3724 1175 3766 se
1194 3703 1341 3785 pluribus
1360 3706 1392 3766 et

319 4053 335 4098 3
350 4062 422 4114 quae
437 4063 480 4098 res
497 4045 593 4099 Medd.
610 4046 700 4099 deleas
715 4045 791 4112 quod
807 4044 990 4098 Alexandrini
1005 4063 1088 4114 usque
1103 4046 1269 4115 expulerant
1341 4046 1392 4098 im-

247 4125 419 4196 probabatur
437 4130 471 4192 T,
494 4125 669 4194 improbatur
689 4125 759 4193 (inp-
775 4125 821 4194 M)
835 4125 880 4178 rel.
955 4125 1123 4194 optimatum
1144 4125 1246 4179 TL²T
1316 4131 1330 4179 ὁ
1351 4125 1391 4177 di·

247 4206 385 4259 minueret
408 4206 480 4259 ΧΠ2
553 4211 568 4258 8
593 4221 752 4258 numero—
767 4205 955 4257 Romanorum
983 4221 1033 4258 om.
1058 4207 1081 4257 T
1107 4207 1262 4274 (propterea
1291 4205 1339 4274 qui
1363 4206 1393 4260 in

244 4294 306 4354 post
325 4302 435 4354 quoque
454 4287 517 4340 add.
534 4287 575 4352 H',
600 4285 819 4353 condempnauit
838 4283 886 4352 qui
905 4301 955 4352 per
973 4302 1027 4353 pro
1045 4301 1156 4353 quoque
1175 4285 1353 4354 interpolaret
1367 4289 1393 4356 ρ)

249 4371 281 4419 10
306 4365 415 4418 sabinio
440 4367 498 4434 (no
527 4367 561 4434 Τ)
587 4365 645 4417 GT
730 4371 761 4418 11
786 4363 894 4417 aiutore
919 4364 975 4432 111¹,
1001 4367 1115 4418 auctore
1141 4363 1207 4418 GX'
1293 4369 1324 4417 16
1344 4381 1393 4434 pe·

247 4446 295 4500 tiit
317 4449 341 4498 Τ
410 4462 464 4499 non
481 4451 543 4513 post
562 4461 619 4512 qua
638 4444 701 4498 aaa.
724 4445 748 4497 G
1359 4445 1361 4452 ’
