<?xml version="1.0" encoding="UTF-8"?>
<!DOCTYPE html PUBLIC "-//W3C//DTD XHTML 1.0 Transitional//EN"
    "http://www.w3.org/TR/xhtml1/DTD/xhtml1-transitional.dtd">
<html xmlns="http://www.w3.org/1999/xhtml" xml:lang="en" lang="en">
 <head>
  <title>
</title>
<meta http-equiv="Content-Type" content="text/html;charset=utf-8" />
  <meta name='ocr-system' content='tesseract 3.04.00' />
  <meta name='ocr-capabilities' content='ocr_page ocr_carea ocr_par ocr_line ocrx_word'/>
</head>
<body>
  <div class='ocr_page' id='page_1' title='image "./csuetoniitranqu01suetgoog_0219.png"; bbox 0 0 3166 5106; ppageno 0'>
   <div class='ocr_carea' id='block_1_1' title="bbox 570 349 1320 420">
    <p class='ocr_par' dir='ltr' id='par_1_1' title="bbox 570 349 1320 420">
     <span class='ocr_line' id='line_1_1' title="bbox 570 349 1320 420; baseline 0.016 -16"><span class='ocrx_word' id='word_1_1' title='bbox 570 349 737 406; x_wconf 83' lang='lat' dir='ltr'><strong>TIBERIVS</strong></span> <span class='ocrx_word' id='word_1_2' title='bbox 757 362 822 414; x_wconf 77' lang='lat' dir='ltr'>[our.</span> <span class='ocrx_word' id='word_1_3' title='bbox 838 363 926 412; x_wconf 81' lang='lat' dir='ltr'>sr-u]</span> <span class='ocrx_word' id='word_1_4' title='bbox 1257 352 1320 420; x_wconf 87' lang='grc'>149</span> 
     </span>
    </p>
   </div>
   <div class='ocr_carea' id='block_1_2' title="bbox 123 512 1388 3484">
    <p class='ocr_par' dir='ltr' id='par_1_2' title="bbox 171 512 1324 811">
     <span class='ocr_line' id='line_1_2' title="bbox 172 512 1323 599; baseline 0.002 -22"><span class='ocrx_word' id='word_1_5' title='bbox 172 513 288 597; x_wconf 90' lang='lat' dir='ltr'>laqueo</span> <span class='ocrx_word' id='word_1_6' title='bbox 317 513 550 599; x_wconf 83' lang='lat' dir='ltr'>strangulatam</span> <span class='ocrx_word' id='word_1_7' title='bbox 578 514 612 580; x_wconf 93' lang='lat' dir='ltr'>in</span> <span class='ocrx_word' id='word_1_8' title='bbox 641 512 813 579; x_wconf 79' lang='lat' dir='ltr'>Gemonias</span> <span class='ocrx_word' id='word_1_9' title='bbox 841 514 1005 582; x_wconf 86' lang='lat' dir='ltr'>abiecerit:</span> <span class='ocrx_word' id='word_1_10' title='bbox 1033 537 1156 599; x_wconf 83' lang='lat' dir='ltr'>proque</span> <span class='ocrx_word' id='word_1_11' title='bbox 1179 515 1236 580; x_wconf 87' lang='lat' dir='ltr'>tali</span> <span class='ocrx_word' id='word_1_12' title='bbox 1260 515 1323 580; x_wconf 92' lang='lat' dir='ltr'>cle-</span> 
     </span>
     <span class='ocr_line' id='line_1_3' title="bbox 172 620 1324 708; baseline 0.002 -24"><span class='ocrx_word' id='word_1_13' title='bbox 172 621 293 685; x_wconf 88' lang='lat' dir='ltr'>mentis</span> <span class='ocrx_word' id='word_1_14' title='bbox 321 620 484 704; x_wconf 84' lang='lat' dir='ltr'>interponi</span> <span class='ocrx_word' id='word_1_15' title='bbox 513 621 676 685; x_wconf 89' lang='lat' dir='ltr'>decretum</span> <span class='ocrx_word' id='word_1_16' title='bbox 703 643 817 704; x_wconf 90' lang='lat' dir='ltr'>passus</span> <span class='ocrx_word' id='word_1_17' title='bbox 845 625 908 705; x_wconf 87' lang='lat' dir='ltr'>est,</span> <span class='ocrx_word' id='word_1_18' title='bbox 931 643 995 706; x_wconf 89' lang='lat' dir='ltr'>quo</span> <span class='ocrx_word' id='word_1_19' title='bbox 1020 622 1081 688; x_wconf 93' lang='lat' dir='ltr'>sibi</span> <span class='ocrx_word' id='word_1_20' title='bbox 1104 623 1226 708; x_wconf 81' lang='lat' dir='ltr'>gratiae</span> <span class='ocrx_word' id='word_1_21' title='bbox 1250 643 1324 708; x_wconf 81' lang='lat' dir='ltr'>ogs·</span> 
     </span>
     <span class='ocr_line' id='line_1_4' title="bbox 171 725 1161 811; baseline 0.002 -21"><span class='ocrx_word' id='word_1_22' title='bbox 171 731 285 791; x_wconf 89' lang='lat' dir='ltr'>rentur</span> <span class='ocrx_word' id='word_1_23' title='bbox 307 731 340 792; x_wconf 89' lang='lat' dir='ltr'>ct</span> <span class='ocrx_word' id='word_1_24' title='bbox 364 725 546 811; x_wconf 78' lang='lat' dir='ltr'>Capitolino</span> <span class='ocrx_word' id='word_1_25' title='bbox 570 727 642 793; x_wconf 89' lang='lat' dir='ltr'>Ioui</span> <span class='ocrx_word' id='word_1_26' title='bbox 666 728 785 795; x_wconf 86' lang='lat' dir='ltr'>donum</span> <span class='ocrx_word' id='word_1_27' title='bbox 811 750 849 794; x_wconf 83' lang='lat' dir='ltr'>cx</span> <span class='ocrx_word' id='word_1_28' title='bbox 872 749 950 794; x_wconf 74' lang='lat' dir='ltr'>atrro</span> <span class='ocrx_word' id='word_1_29' title='bbox 974 733 1161 795; x_wconf 74' lang='lat' dir='ltr'>sacraretur,</span> 
     </span>
    </p>

    <p class='ocr_par' dir='ltr' id='par_1_3' title="bbox 264 832 1374 918">
     <span class='ocr_line' id='line_1_5' title="bbox 264 832 1374 918; baseline 0.003 -21"><span class='ocrx_word' id='word_1_30' title='bbox 264 832 344 901; x_wconf 83' lang='lat' dir='ltr'>Cum</span> <span class='ocrx_word' id='word_1_31' title='bbox 369 855 408 900; x_wconf 83' lang='lat' dir='ltr'>cx</span> <span class='ocrx_word' id='word_1_32' title='bbox 428 832 618 900; x_wconf 82' lang='lat' dir='ltr'>Germanico</span> <span class='ocrx_word' id='word_1_33' title='bbox 641 839 706 900; x_wconf 87' lang='lat' dir='ltr'>tres</span> <span class='ocrx_word' id='word_1_34' title='bbox 725 839 868 918; x_wconf 82' lang='lat' dir='ltr'><strong>nepotes,</strong></span> <span class='ocrx_word' id='word_1_35' title='bbox 890 833 1052 902; x_wconf 82' lang='lat' dir='ltr'>Neronem</span> <span class='ocrx_word' id='word_1_36' title='bbox 1076 839 1109 898; x_wconf 89' lang='lat' dir='ltr'>et</span> <span class='ocrx_word' id='word_1_37' title='bbox 1127 833 1269 900; x_wconf 83' lang='lat' dir='ltr'>Drusum</span> <span class='ocrx_word' id='word_1_38' title='bbox 1289 832 1374 902; x_wconf 72' lang='lat' dir='ltr'>otus</span> 
     </span>
    </p>

    <p class='ocr_par' dir='ltr' id='par_1_4' title="bbox 142 939 1322 1454">
     <span class='ocr_line' id='line_1_6' title="bbox 142 939 1322 1026; baseline 0 -20"><span class='ocrx_word' id='word_1_39' title='bbox 142 939 304 1024; x_wconf 82' lang='lat' dir='ltr'>sGaium,</span> <span class='ocrx_word' id='word_1_40' title='bbox 333 963 372 1006; x_wconf 86' lang='lat' dir='ltr'>ex</span> <span class='ocrx_word' id='word_1_41' title='bbox 395 940 501 1005; x_wconf 81' lang='lat' dir='ltr'>Druso</span> <span class='ocrx_word' id='word_1_42' title='bbox 529 963 630 1004; x_wconf 89' lang='lat' dir='ltr'>unum</span> <span class='ocrx_word' id='word_1_43' title='bbox 653 940 819 1006; x_wconf 82' lang='lat' dir='ltr'>Tiberium</span> <span class='ocrx_word' id='word_1_44' title='bbox 846 941 992 1026; x_wconf 85' lang='lat' dir='ltr'>haberet,</span> <span class='ocrx_word' id='word_1_45' title='bbox 1023 941 1195 1006; x_wconf 89' lang='lat' dir='ltr'>destitutus</span> <span class='ocrx_word' id='word_1_46' title='bbox 1219 946 1322 1010; x_wconf 86' lang='lat' dir='ltr'>morte</span> 
     </span>
     <span class='ocr_line' id='line_1_7' title="bbox 169 1046 1322 1133; baseline 0.004 -24"><span class='ocrx_word' id='word_1_47' title='bbox 169 1047 348 1113; x_wconf 89' lang='lat' dir='ltr'>liberorum</span> <span class='ocrx_word' id='word_1_48' title='bbox 380 1046 538 1112; x_wconf 84' lang='lat' dir='ltr'>maximos</span> <span class='ocrx_word' id='word_1_49' title='bbox 568 1052 646 1112; x_wconf 91' lang='lat' dir='ltr'>natu</span> <span class='ocrx_word' id='word_1_50' title='bbox 679 1047 717 1112; x_wconf 88' lang='lat' dir='ltr'>ds</span> <span class='ocrx_word' id='word_1_51' title='bbox 751 1046 934 1119; x_wconf 84' lang='lat' dir='ltr'>Germanici</span> <span class='ocrx_word' id='word_1_52' title='bbox 966 1048 1058 1133; x_wconf 92' lang='lat' dir='ltr'>filiis,</span> <span class='ocrx_word' id='word_1_53' title='bbox 1094 1046 1257 1113; x_wconf 87' lang='lat' dir='ltr'>Neronem</span> <span class='ocrx_word' id='word_1_54' title='bbox 1290 1053 1322 1116; x_wconf 89' lang='lat' dir='ltr'>et</span> 
     </span>
     <span class='ocr_line' id='line_1_8' title="bbox 169 1153 1320 1240; baseline 0.002 -22"><span class='ocrx_word' id='word_1_55' title='bbox 169 1153 324 1239; x_wconf 81' lang='lat' dir='ltr'>Drusum,</span> <span class='ocrx_word' id='word_1_56' title='bbox 347 1155 493 1238; x_wconf 86' lang='lat' dir='ltr'>patribus</span> <span class='ocrx_word' id='word_1_57' title='bbox 517 1154 710 1240; x_wconf 69' lang='lat' dir='ltr'>conscriptis</span> <span class='ocrx_word' id='word_1_58' title='bbox 729 1155 967 1222; x_wconf 87' lang='lat' dir='ltr'>commendauit</span> <span class='ocrx_word' id='word_1_59' title='bbox 985 1155 1133 1238; x_wconf 80' lang='lat' dir='ltr'>diemque</span> <span class='ocrx_word' id='word_1_60' title='bbox 1152 1157 1320 1240; x_wconf 85' lang='lat' dir='ltr'>utriusque</span> 
     </span>
     <span class='ocr_line' id='line_1_9' title="bbox 168 1261 1322 1348; baseline 0.003 -24"><span class='ocrx_word' id='word_1_61' title='bbox 168 1261 313 1326; x_wconf 78' lang='lat' dir='ltr'>tirocinii</span> <span class='ocrx_word' id='word_1_62' title='bbox 343 1261 508 1348; x_wconf 80' lang='lat' dir='ltr'>congiario</span> <span class='ocrx_word' id='word_1_63' title='bbox 541 1262 648 1346; x_wconf 88' lang='lat' dir='ltr'>plebei</span> <span class='ocrx_word' id='word_1_64' title='bbox 678 1262 754 1326; x_wconf 88' lang='lat' dir='ltr'>dato</span> <span class='ocrx_word' id='word_1_65' title='bbox 785 1262 966 1328; x_wconf 85' lang='lat' dir='ltr'>celebrauit.</span> <span class='ocrx_word' id='word_1_66' title='bbox 1014 1261 1068 1328; x_wconf 89' lang='lat' dir='ltr'>sed</span> <span class='ocrx_word' id='word_1_67' title='bbox 1099 1267 1136 1327; x_wconf 92' lang='lat' dir='ltr'>ut</span> <span class='ocrx_word' id='word_1_68' title='bbox 1165 1263 1322 1346; x_wconf 88' lang='lat' dir='ltr'>comperit</span> 
     </span>
     <span class='ocr_line' id='line_1_10' title="bbox 168 1368 1322 1454; baseline 0.003 -23"><span class='ocrx_word' id='word_1_69' title='bbox 168 1369 302 1432; x_wconf 90' lang='lat' dir='ltr'>ineunte</span> <span class='ocrx_word' id='word_1_70' title='bbox 326 1390 410 1433; x_wconf 91' lang='lat' dir='ltr'>anno</span> <span class='ocrx_word' id='word_1_71' title='bbox 434 1391 492 1453; x_wconf 90' lang='lat' dir='ltr'>pro</span> <span class='ocrx_word' id='word_1_72' title='bbox 516 1389 627 1437; x_wconf 90' lang='lat' dir='ltr'>eorum</span> <span class='ocrx_word' id='word_1_73' title='bbox 651 1390 779 1452; x_wconf 89' lang='lat' dir='ltr'>quoque</span> <span class='ocrx_word' id='word_1_74' title='bbox 798 1369 901 1434; x_wconf 88' lang='lat' dir='ltr'>salute</span> <span class='ocrx_word' id='word_1_75' title='bbox 921 1368 1049 1453; x_wconf 90' lang='lat' dir='ltr'>publice</span> <span class='ocrx_word' id='word_1_76' title='bbox 1068 1373 1145 1436; x_wconf 85' lang='lat' dir='ltr'>uota</span> <span class='ocrx_word' id='word_1_77' title='bbox 1164 1374 1322 1454; x_wconf 87' lang='lat' dir='ltr'>suscepta,</span> 
     </span>
    </p>

    <p class='ocr_par' dir='ltr' id='par_1_5' title="bbox 123 1476 1388 1987">
     <span class='ocr_line' id='line_1_11' title="bbox 123 1476 1322 1560; baseline 0 -20"><span class='ocrx_word' id='word_1_78' title='bbox 123 1499 152 1540; x_wconf 83' lang='grc' dir='ltr'>ιο</span> <span class='ocrx_word' id='word_1_79' title='bbox 168 1476 238 1560; x_wconf 86' lang='lat' dir='ltr'>egit</span> <span class='ocrx_word' id='word_1_80' title='bbox 252 1497 326 1539; x_wconf 92' lang='lat' dir='ltr'>cum</span> <span class='ocrx_word' id='word_1_81' title='bbox 340 1479 462 1560; x_wconf 82' lang='lat' dir='ltr'>senatu,</span> <span class='ocrx_word' id='word_1_82' title='bbox 481 1499 555 1542; x_wconf 91' lang='lat' dir='ltr'>nou</span> <span class='ocrx_word' id='word_1_83' title='bbox 576 1476 711 1540; x_wconf 87' lang='lat' dir='ltr'>debers</span> <span class='ocrx_word' id='word_1_84' title='bbox 730 1476 826 1542; x_wconf 86' lang='lat' dir='ltr'>talia</span> <span class='ocrx_word' id='word_1_85' title='bbox 840 1477 1009 1560; x_wconf 85' lang='lat' dir='ltr'>praemis</span> <span class='ocrx_word' id='word_1_86' title='bbox 1026 1476 1146 1541; x_wconf 90' lang='lat' dir='ltr'>tribui</span> <span class='ocrx_word' id='word_1_87' title='bbox 1165 1476 1242 1541; x_wconf 90' lang='lat' dir='ltr'>nisi</span> <span class='ocrx_word' id='word_1_88' title='bbox 1261 1498 1322 1542; x_wconf 87' lang='lat' dir='ltr'>ex-</span> 
     </span>
     <span class='ocr_line' id='line_1_12' title="bbox 167 1583 1388 1668; baseline -0.003 -22"><span class='ocrx_word' id='word_1_89' title='bbox 167 1584 293 1667; x_wconf 90' lang='lat' dir='ltr'>pertis</span> <span class='ocrx_word' id='word_1_90' title='bbox 317 1586 353 1648; x_wconf 87' lang='lat' dir='ltr'>et</span> <span class='ocrx_word' id='word_1_91' title='bbox 372 1586 497 1648; x_wconf 85' lang='lat' dir='ltr'>aetate</span> <span class='ocrx_word' id='word_1_92' title='bbox 516 1583 724 1668; x_wconf 88' lang='lat' dir='ltr'>prouectis.</span> <span class='ocrx_word' id='word_1_93' title='bbox 761 1587 857 1666; x_wconf 90' lang='lat' dir='ltr'>atque</span> <span class='ocrx_word' id='word_1_94' title='bbox 877 1585 977 1664; x_wconf 32' lang='lat' dir='ltr'>exueo&#39;</span> <span class='ocrx_word' id='word_1_95' title='bbox 991 1584 1152 1668; x_wconf 88' lang='lat' dir='ltr'>patefacta</span> <span class='ocrx_word' id='word_1_96' title='bbox 1169 1583 1322 1652; x_wconf 88' lang='lat' dir='ltr'>interiore</span> <span class='ocrx_word' id='word_1_97' title='bbox 1341 1599 1388 1654; x_wconf 61' lang='lat' dir='ltr'>aa</span> 
     </span>
     <span class='ocr_line' id='line_1_13' title="bbox 168 1688 1323 1760; baseline 0.003 -8"><span class='ocrx_word' id='word_1_98' title='bbox 168 1689 270 1753; x_wconf 88' lang='lat' dir='ltr'>animi</span> <span class='ocrx_word' id='word_1_99' title='bbox 303 1690 353 1754; x_wconf 89' lang='lat' dir='ltr'>sui</span> <span class='ocrx_word' id='word_1_100' title='bbox 385 1694 463 1755; x_wconf 89' lang='lat' dir='ltr'>nota</span> <span class='ocrx_word' id='word_1_101' title='bbox 496 1691 640 1760; x_wconf 85' lang='lat' dir='ltr'>omnium</span> <span class='ocrx_word' id='word_1_102' title='bbox 677 1688 956 1756; x_wconf 76' lang='lat' dir='ltr'>criminationibus</span> <span class='ocrx_word' id='word_1_103' title='bbox 993 1690 1152 1756; x_wconf 87' lang='lat' dir='ltr'>obnoxios</span> <span class='ocrx_word' id='word_1_104' title='bbox 1183 1689 1323 1756; x_wconf 80' lang='lat' dir='ltr'>reddidit</span> 
     </span>
     <span class='ocr_line' id='line_1_14' title="bbox 167 1795 1322 1880; baseline 0 -20"><span class='ocrx_word' id='word_1_105' title='bbox 167 1795 325 1878; x_wconf 89' lang='lat' dir='ltr'>uariaque</span> <span class='ocrx_word' id='word_1_106' title='bbox 347 1796 459 1862; x_wconf 87' lang='lat' dir='ltr'>fraude</span> <span class='ocrx_word' id='word_1_107' title='bbox 482 1797 645 1880; x_wconf 87' lang='lat' dir='ltr'>inductos,</span> <span class='ocrx_word' id='word_1_108' title='bbox 674 1800 709 1860; x_wconf 91' lang='lat' dir='ltr'>ut</span> <span class='ocrx_word' id='word_1_109' title='bbox 733 1801 765 1860; x_wconf 92' lang='lat' dir='ltr'>et</span> <span class='ocrx_word' id='word_1_110' title='bbox 792 1798 1030 1862; x_wconf 81' lang='lat' dir='ltr'>concitarentur</span> <span class='ocrx_word' id='word_1_111' title='bbox 1057 1797 1098 1861; x_wconf 87' lang='lat' dir='ltr'>ad</span> <span class='ocrx_word' id='word_1_112' title='bbox 1121 1797 1266 1862; x_wconf 90' lang='lat' dir='ltr'>conuicia</span> <span class='ocrx_word' id='word_1_113' title='bbox 1290 1801 1322 1860; x_wconf 92' lang='lat' dir='ltr'>et</span> 
     </span>
     <span class='ocr_line' id='line_1_15' title="bbox 168 1902 1322 1987; baseline 0.003 -22"><span class='ocrx_word' id='word_1_114' title='bbox 168 1902 324 1970; x_wconf 84' lang='lat' dir='ltr'>concitati</span> <span class='ocrx_word' id='word_1_115' title='bbox 345 1904 571 1987; x_wconf 85' lang='lat' dir='ltr'>proderentur,</span> <span class='ocrx_word' id='word_1_116' title='bbox 599 1903 762 1967; x_wconf 86' lang='lat' dir='ltr'>accusauit</span> <span class='ocrx_word' id='word_1_117' title='bbox 790 1925 846 1986; x_wconf 90' lang='lat' dir='ltr'>per</span> <span class='ocrx_word' id='word_1_118' title='bbox 873 1904 998 1968; x_wconf 89' lang='lat' dir='ltr'>litteras</span> <span class='ocrx_word' id='word_1_119' title='bbox 1027 1904 1225 1969; x_wconf 86' lang='lat' dir='ltr'>amarissime</span> <span class='ocrx_word' id='word_1_120' title='bbox 1248 1924 1322 1968; x_wconf 93' lang='lat' dir='ltr'>con·</span> 
     </span>
    </p>

    <p class='ocr_par' dir='ltr' id='par_1_6' title="bbox 126 2009 1322 2521">
     <span class='ocr_line' id='line_1_16' title="bbox 126 2009 1322 2095; baseline 0.003 -22"><span class='ocrx_word' id='word_1_121' title='bbox 126 2035 152 2074; x_wconf 79' lang='lat' dir='ltr'>rs</span> <span class='ocrx_word' id='word_1_122' title='bbox 170 2009 273 2093; x_wconf 85' lang='lat' dir='ltr'>gestis</span> <span class='ocrx_word' id='word_1_123' title='bbox 302 2010 397 2074; x_wconf 90' lang='lat' dir='ltr'>etiam</span> <span class='ocrx_word' id='word_1_124' title='bbox 425 2011 553 2094; x_wconf 87' lang='lat' dir='ltr'>probris</span> <span class='ocrx_word' id='word_1_125' title='bbox 581 2015 614 2074; x_wconf 88' lang='lat' dir='ltr'>et</span> <span class='ocrx_word' id='word_1_126' title='bbox 642 2009 797 2076; x_wconf 89' lang='lat' dir='ltr'>iudicatos</span> <span class='ocrx_word' id='word_1_127' title='bbox 822 2010 927 2074; x_wconf 87' lang='lat' dir='ltr'>hostis</span> <span class='ocrx_word' id='word_1_128' title='bbox 950 2011 1035 2074; x_wconf 87' lang='lat' dir='ltr'>fame</span> <span class='ocrx_word' id='word_1_129' title='bbox 1058 2011 1198 2095; x_wconf 82' lang='lat' dir='ltr'>uacauit,</span> <span class='ocrx_word' id='word_1_130' title='bbox 1220 2009 1322 2076; x_wconf 89' lang='lat' dir='ltr'>Nero-</span> 
     </span>
     <span class='ocr_line' id='line_1_17' title="bbox 168 2115 1322 2212; baseline 0.002 -32"><span class='ocrx_word' id='word_1_131' title='bbox 168 2138 244 2180; x_wconf 87' lang='lat' dir='ltr'>nem</span> <span class='ocrx_word' id='word_1_132' title='bbox 268 2117 303 2180; x_wconf 93' lang='lat' dir='ltr'>in</span> <span class='ocrx_word' id='word_1_133' title='bbox 330 2117 435 2182; x_wconf 86' lang='lat' dir='ltr'>insula</span> <span class='ocrx_word' id='word_1_134' title='bbox 457 2117 584 2200; x_wconf 82' lang='lat' dir='ltr'>Pontia,</span> <span class='ocrx_word' id='word_1_135' title='bbox 606 2117 748 2182; x_wconf 91' lang='lat' dir='ltr'>Drusum</span> <span class='ocrx_word' id='word_1_136' title='bbox 776 2117 810 2212; x_wconf 80' lang='lat' dir='ltr'>in</span> <span class='ocrx_word' id='word_1_137' title='bbox 838 2117 903 2182; x_wconf 86' lang='lat' dir='ltr'>ima</span> <span class='ocrx_word' id='word_1_138' title='bbox 926 2121 1016 2201; x_wconf 84' lang='lat' dir='ltr'>parte</span> <span class='ocrx_word' id='word_1_139' title='bbox 1040 2115 1163 2180; x_wconf 89' lang='lat' dir='ltr'>Palatii.</span> <span class='ocrx_word' id='word_1_140' title='bbox 1205 2121 1322 2201; x_wconf 87' lang='lat' dir='ltr'>putant</span> 
     </span>
     <span class='ocr_line' id='line_1_18' title="bbox 166 2221 1322 2306; baseline 0.001 -20"><span class='ocrx_word' id='word_1_141' title='bbox 166 2221 332 2287; x_wconf 90' lang='lat' dir='ltr'>Neronem</span> <span class='ocrx_word' id='word_1_142' title='bbox 361 2224 401 2288; x_wconf 86' lang='lat' dir='ltr'>ad</span> <span class='ocrx_word' id='word_1_143' title='bbox 429 2225 646 2289; x_wconf 87' lang='lat' dir='ltr'>uoluntariam</span> <span class='ocrx_word' id='word_1_144' title='bbox 675 2228 812 2288; x_wconf 86' lang='lat' dir='ltr'>mortem</span> <span class='ocrx_word' id='word_1_145' title='bbox 841 2227 1001 2306; x_wconf 86' lang='lat' dir='ltr'>coactum,</span> <span class='ocrx_word' id='word_1_146' title='bbox 1029 2223 1155 2290; x_wconf 90' lang='lat' dir='ltr'>cumei</span> <span class='ocrx_word' id='word_1_147' title='bbox 1180 2224 1322 2289; x_wconf 76' lang='lat' dir='ltr'>carnifex</span> 
     </span>
     <span class='ocr_line' id='line_1_19' title="bbox 168 2329 1322 2413; baseline 0 -19"><span class='ocrx_word' id='word_1_148' title='bbox 168 2329 263 2412; x_wconf 87' lang='lat' dir='ltr'>quasi</span> <span class='ocrx_word' id='word_1_149' title='bbox 288 2351 326 2396; x_wconf 88' lang='lat' dir='ltr'>ex</span> <span class='ocrx_word' id='word_1_150' title='bbox 354 2335 484 2396; x_wconf 88' lang='lat' dir='ltr'>senatus</span> <span class='ocrx_word' id='word_1_151' title='bbox 512 2330 704 2396; x_wconf 89' lang='lat' dir='ltr'>auctoritate</span> <span class='ocrx_word' id='word_1_152' title='bbox 727 2331 845 2395; x_wconf 89' lang='lat' dir='ltr'>missus</span> <span class='ocrx_word' id='word_1_153' title='bbox 874 2331 1006 2413; x_wconf 88' lang='lat' dir='ltr'>laqueos</span> <span class='ocrx_word' id='word_1_154' title='bbox 1035 2336 1067 2395; x_wconf 90' lang='lat' dir='ltr'>et</span> <span class='ocrx_word' id='word_1_155' title='bbox 1094 2352 1194 2396; x_wconf 90' lang='lat' dir='ltr'>uncos</span> <span class='ocrx_word' id='word_1_156' title='bbox 1218 2335 1322 2396; x_wconf 88' lang='lat' dir='ltr'>osten·</span> 
     </span>
     <span class='ocr_line' id='line_1_20' title="bbox 167 2436 1322 2521; baseline 0.002 -21"><span class='ocrx_word' id='word_1_157' title='bbox 167 2440 267 2520; x_wconf 80' lang='lat' dir='ltr'>taret,</span> <span class='ocrx_word' id='word_1_158' title='bbox 297 2436 404 2502; x_wconf 91' lang='lat' dir='ltr'>Druso</span> <span class='ocrx_word' id='word_1_159' title='bbox 429 2442 537 2502; x_wconf 88' lang='lat' dir='ltr'>autem</span> <span class='ocrx_word' id='word_1_160' title='bbox 561 2438 640 2502; x_wconf 86' lang='lat' dir='ltr'>adeo</span> <span class='ocrx_word' id='word_1_161' title='bbox 664 2437 817 2503; x_wconf 86' lang='lat' dir='ltr'>alimenta</span> <span class='ocrx_word' id='word_1_162' title='bbox 841 2437 1012 2521; x_wconf 88' lang='lat' dir='ltr'>subducta,</span> <span class='ocrx_word' id='word_1_163' title='bbox 1041 2441 1077 2501; x_wconf 90' lang='lat' dir='ltr'>ut</span> <span class='ocrx_word' id='word_1_164' title='bbox 1101 2442 1281 2502; x_wconf 89' lang='lat' dir='ltr'>tomentum</span> <span class='ocrx_word' id='word_1_165' title='bbox 1306 2461 1322 2502; x_wconf 88' lang='lat' dir='ltr'>e</span> 
     </span>
    </p>

    <p class='ocr_par' dir='ltr' id='par_1_7' title="bbox 124 2541 1321 2737">
     <span class='ocr_line' id='line_1_21' title="bbox 124 2541 1321 2630; baseline 0 -22"><span class='ocrx_word' id='word_1_166' title='bbox 124 2567 152 2608; x_wconf 84' lang='lat' dir='ltr'>so</span> <span class='ocrx_word' id='word_1_167' title='bbox 170 2541 289 2608; x_wconf 84' lang='lat' dir='ltr'>culcita</span> <span class='ocrx_word' id='word_1_168' title='bbox 308 2544 514 2628; x_wconf 80' lang='lat' dir='ltr'>temptauerit</span> <span class='ocrx_word' id='word_1_169' title='bbox 535 2545 698 2630; x_wconf 84' lang='lat' dir='ltr'>mandere;</span> <span class='ocrx_word' id='word_1_170' title='bbox 722 2545 890 2610; x_wconf 85' lang='lat' dir='ltr'>amborum</span> <span class='ocrx_word' id='word_1_171' title='bbox 915 2545 961 2611; x_wconf 87' lang='lat' dir='ltr'>sic</span> <span class='ocrx_word' id='word_1_172' title='bbox 979 2545 1132 2629; x_wconf 87' lang='lat' dir='ltr'>reliquias</span> <span class='ocrx_word' id='word_1_173' title='bbox 1151 2545 1321 2629; x_wconf 81' lang='lat' dir='ltr'>dispersae,</span> 
     </span>
     <span class='ocr_line' id='line_1_22' title="bbox 167 2651 799 2737; baseline 0.003 -23"><span class='ocrx_word' id='word_1_174' title='bbox 167 2655 206 2714; x_wconf 93' lang='lat' dir='ltr'>ut</span> <span class='ocrx_word' id='word_1_175' title='bbox 230 2652 287 2715; x_wconf 85' lang='lat' dir='ltr'>uix</span> <span class='ocrx_word' id='word_1_176' title='bbox 310 2651 502 2734; x_wconf 86' lang='lat' dir='ltr'>quandoque</span> <span class='ocrx_word' id='word_1_177' title='bbox 526 2652 636 2736; x_wconf 86' lang='lat' dir='ltr'>colligi</span> <span class='ocrx_word' id='word_1_178' title='bbox 658 2657 799 2737; x_wconf 87' lang='lat' dir='ltr'>possent.</span> 
     </span>
    </p>

    <p class='ocr_par' dir='ltr' id='par_1_8' title="bbox 167 2752 1373 3054">
     <span class='ocr_line' id='line_1_23' title="bbox 261 2752 1373 2853; baseline 0.004 -33"><span class='ocrx_word' id='word_1_179' title='bbox 261 2754 363 2841; x_wconf 85' lang='lat' dir='ltr'>Super</span> <span class='ocrx_word' id='word_1_180' title='bbox 385 2762 508 2824; x_wconf 88' lang='lat' dir='ltr'>ueteres</span> <span class='ocrx_word' id='word_1_181' title='bbox 533 2758 652 2823; x_wconf 89' lang='lat' dir='ltr'>amicos</span> <span class='ocrx_word' id='word_1_182' title='bbox 676 2780 713 2824; x_wconf 89' lang='lat' dir='ltr'>ec</span> <span class='ocrx_word' id='word_1_183' title='bbox 735 2758 909 2825; x_wconf 76' lang='lat' dir='ltr'>familiares</span> <span class='ocrx_word' id='word_1_184' title='bbox 928 2759 1047 2844; x_wconf 82' lang='lat' dir='ltr'>uiginti</span> <span class='ocrx_word' id='word_1_185' title='bbox 1067 2759 1129 2853; x_wconf 87' lang='lat' dir='ltr'>sibi</span> <span class='ocrx_word' id='word_1_186' title='bbox 1148 2781 1165 2823; x_wconf 91' lang='lat' dir='ltr'>e</span> <span class='ocrx_word' id='word_1_187' title='bbox 1183 2752 1373 2825; x_wconf 76' lang='lat' dir='ltr'>nume1&#39;055</span> 
     </span>
     <span class='ocr_line' id='line_1_24' title="bbox 169 2863 1321 2952; baseline 0.005 -26"><span class='ocrx_word' id='word_1_188' title='bbox 169 2863 353 2946; x_wconf 90' lang='lat' dir='ltr'>principum</span> <span class='ocrx_word' id='word_1_189' title='bbox 381 2865 522 2930; x_wconf 85' lang='lat' dir='ltr'>ciuitatis</span> <span class='ocrx_word' id='word_1_190' title='bbox 552 2865 781 2949; x_wconf 86' lang='lat' dir='ltr'>depoposcerat</span> <span class='ocrx_word' id='word_1_191' title='bbox 813 2867 903 2932; x_wconf 88' lang='lat' dir='ltr'>uelut</span> <span class='ocrx_word' id='word_1_192' title='bbox 931 2865 1133 2931; x_wconf 88' lang='lat' dir='ltr'>consiliarios</span> <span class='ocrx_word' id='word_1_193' title='bbox 1161 2867 1195 2929; x_wconf 90' lang='lat' dir='ltr'>in</span> <span class='ocrx_word' id='word_1_194' title='bbox 1223 2888 1321 2952; x_wconf 82' lang='lat' dir='ltr'>nego·</span> 
     </span>
     <span class='ocr_line' id='line_1_25' title="bbox 167 2970 1368 3054; baseline 0.004 -20"><span class='ocrx_word' id='word_1_195' title='bbox 167 2971 224 3034; x_wconf 90' lang='lat' dir='ltr'>tiis</span> <span class='ocrx_word' id='word_1_196' title='bbox 248 2971 394 3054; x_wconf 85' lang='lat' dir='ltr'>publicis.</span> <span class='ocrx_word' id='word_1_197' title='bbox 436 2970 553 3036; x_wconf 91' lang='lat' dir='ltr'>horum</span> <span class='ocrx_word' id='word_1_198' title='bbox 582 2973 725 3039; x_wconf 88' lang='lat' dir='ltr'>omnium</span> <span class='ocrx_word' id='word_1_199' title='bbox 754 2972 811 3036; x_wconf 84' lang='lat' dir='ltr'>uix</span> <span class='ocrx_word' id='word_1_200' title='bbox 839 2972 919 3039; x_wconf 89' lang='lat' dir='ltr'>duos</span> <span class='ocrx_word' id='word_1_201' title='bbox 947 2994 1029 3040; x_wconf 86' lang='lat' dir='ltr'>anne</span> <span class='ocrx_word' id='word_1_202' title='bbox 1057 2977 1121 3037; x_wconf 90' lang='lat' dir='ltr'>tres</span> <span class='ocrx_word' id='word_1_203' title='bbox 1148 2973 1319 3038; x_wconf 91' lang='lat' dir='ltr'>incolumis</span> <span class='ocrx_word' id='word_1_204' title='bbox 1364 3007 1368 3016; x_wconf 93' lang='lat'>·</span> 
     </span>
    </p>

    <p class='ocr_par' dir='ltr' id='par_1_9' title="bbox 123 3078 1321 3484">
     <span class='ocr_line' id='line_1_26' title="bbox 123 3078 1320 3164; baseline 0.005 -24"><span class='ocrx_word' id='word_1_205' title='bbox 123 3101 150 3140; x_wconf 82' lang='lat' dir='ltr'>ss</span> <span class='ocrx_word' id='word_1_206' title='bbox 165 3078 343 3162; x_wconf 79' lang='lat' dir='ltr'>praestiti,</span> <span class='ocrx_word' id='word_1_207' title='bbox 375 3083 497 3144; x_wconf 87' lang='lat' dir='ltr'>ceteros</span> <span class='ocrx_word' id='word_1_208' title='bbox 530 3079 629 3144; x_wconf 86' lang='lat' dir='ltr'>alium</span> <span class='ocrx_word' id='word_1_209' title='bbox 663 3079 726 3144; x_wconf 89' lang='lat' dir='ltr'>alia</span> <span class='ocrx_word' id='word_1_210' title='bbox 751 3080 788 3143; x_wconf 86' lang='lat' dir='ltr'>de</span> <span class='ocrx_word' id='word_1_211' title='bbox 817 3101 912 3144; x_wconf 85' lang='lat' dir='ltr'>causa</span> <span class='ocrx_word' id='word_1_212' title='bbox 940 3079 1094 3164; x_wconf 89' lang='lat' dir='ltr'>perculit,</span> <span class='ocrx_word' id='word_1_213' title='bbox 1126 3080 1161 3146; x_wconf 89' lang='lat' dir='ltr'>in</span> <span class='ocrx_word' id='word_1_214' title='bbox 1177 3103 1211 3144; x_wconf 94' lang='lat' dir='ltr'>er</span> <span class='ocrx_word' id='word_1_215' title='bbox 1239 3103 1320 3163; x_wconf 93' lang='lat' dir='ltr'>quos</span> 
     </span>
     <span class='ocr_line' id='line_1_27' title="bbox 168 3183 1319 3272; baseline 0.003 -24"><span class='ocrx_word' id='word_1_216' title='bbox 168 3206 243 3248; x_wconf 93' lang='lat' dir='ltr'>cum</span> <span class='ocrx_word' id='word_1_217' title='bbox 270 3183 484 3268; x_wconf 88' lang='lat' dir='ltr'>plurimorum</span> <span class='ocrx_word' id='word_1_218' title='bbox 510 3185 598 3252; x_wconf 86' lang='lat' dir='ltr'>clade</span> <span class='ocrx_word' id='word_1_219' title='bbox 621 3184 750 3252; x_wconf 84' lang='lat' dir='ltr'>Aelium</span> <span class='ocrx_word' id='word_1_220' title='bbox 775 3185 941 3272; x_wconf 80' lang='lat' dir='ltr'>Seianum3</span> <span class='ocrx_word' id='word_1_221' title='bbox 972 3207 1066 3270; x_wconf 93' lang='lat' dir='ltr'>quem</span> <span class='ocrx_word' id='word_1_222' title='bbox 1096 3187 1136 3249; x_wconf 89' lang='lat' dir='ltr'>ad</span> <span class='ocrx_word' id='word_1_223' title='bbox 1160 3210 1319 3254; x_wconf 90' lang='lat' dir='ltr'>summam</span> 
     </span>
     <span class='ocr_line' id='line_1_28' title="bbox 167 3291 1321 3376; baseline 0.003 -22"><span class='ocrx_word' id='word_1_224' title='bbox 167 3291 347 3374; x_wconf 88' lang='lat' dir='ltr'>potentiam</span> <span class='ocrx_word' id='word_1_225' title='bbox 375 3313 440 3358; x_wconf 90' lang='lat' dir='ltr'>non</span> <span class='ocrx_word' id='word_1_226' title='bbox 469 3297 535 3359; x_wconf 84' lang='lat' dir='ltr'>tam</span> <span class='ocrx_word' id='word_1_227' title='bbox 564 3293 782 3358; x_wconf 88' lang='lat' dir='ltr'>beniuolentia</span> <span class='ocrx_word' id='word_1_228' title='bbox 810 3297 1015 3375; x_wconf 83' lang='lat' dir='ltr'>prouexerat,</span> <span class='ocrx_word' id='word_1_229' title='bbox 1049 3314 1144 3376; x_wconf 82' lang='lat' dir='ltr'>quarn</span> <span class='ocrx_word' id='word_1_230' title='bbox 1173 3297 1210 3356; x_wconf 89' lang='lat' dir='ltr'>ut</span> <span class='ocrx_word' id='word_1_231' title='bbox 1238 3298 1321 3358; x_wconf 89' lang='lat' dir='ltr'>esset</span> 
     </span>
     <span class='ocr_line' id='line_1_29' title="bbox 168 3398 1320 3484; baseline 0 -20"><span class='ocrx_word' id='word_1_232' title='bbox 168 3398 262 3464; x_wconf 90' lang='lat' dir='ltr'>cuius</span> <span class='ocrx_word' id='word_1_233' title='bbox 285 3398 466 3463; x_wconf 87' lang='lat' dir='ltr'>ministerio</span> <span class='ocrx_word' id='word_1_234' title='bbox 486 3421 522 3463; x_wconf 84' lang='lat' dir='ltr'>ac</span> <span class='ocrx_word' id='word_1_235' title='bbox 540 3399 707 3464; x_wconf 85' lang='lat' dir='ltr'>fraudibus</span> <span class='ocrx_word' id='word_1_236' title='bbox 726 3399 844 3464; x_wconf 91' lang='lat' dir='ltr'>liberos</span> <span class='ocrx_word' id='word_1_237' title='bbox 866 3398 1047 3464; x_wconf 82' lang='lat' dir='ltr'>Germanici</span> <span class='ocrx_word' id='word_1_238' title='bbox 1066 3400 1320 3484; x_wconf 85' lang='lat' dir='ltr'>circumueniret,</span> 
     </span>
    </p>
   </div>
   <div class='ocr_carea' id='block_1_3' title="bbox 168 3627 1320 3856">
    <p class='ocr_par' dir='ltr' id='par_1_10' title="bbox 168 3627 1320 3856">
     <span class='ocr_line' id='line_1_30' title="bbox 242 3627 1319 3697; baseline 0.004 -19"><span class='ocrx_word' id='word_1_239' title='bbox 242 3632 275 3678; x_wconf 75' lang='lat'>2⁶2</span> <span class='ocrx_word' id='word_1_240' title='bbox 297 3627 372 3681; x_wconf 81' lang='lat' dir='ltr'>Oros.</span> <span class='ocrx_word' id='word_1_241' title='bbox 389 3627 451 3681; x_wconf 86' lang='lat' dir='ltr'>VII</span> <span class='ocrx_word' id='word_1_242' title='bbox 460 3631 515 3693; x_wconf 81' lang='lat'>4,8</span> <span class='ocrx_word' id='word_1_243' title='bbox 543 3627 679 3696; x_wconf 89' lang='lat' dir='ltr'>plurimos</span> <span class='ocrx_word' id='word_1_244' title='bbox 707 3631 867 3682; x_wconf 88' lang='lat' dir='ltr'>senatorum</span> <span class='ocrx_word' id='word_1_245' title='bbox 893 3627 1059 3697; x_wconf 87' lang='lat' dir='ltr'>proscripsit</span> <span class='ocrx_word' id='word_1_246' title='bbox 1087 3631 1115 3682; x_wconf 91' lang='lat' dir='ltr'>et</span> <span class='ocrx_word' id='word_1_247' title='bbox 1138 3629 1174 3681; x_wconf 88' lang='lat' dir='ltr'>ad</span> <span class='ocrx_word' id='word_1_248' title='bbox 1200 3631 1319 3682; x_wconf 85' lang='lat' dir='ltr'>mortem</span> 
     </span>
     <span class='ocr_line' id='line_1_31' title="bbox 168 3706 1320 3776; baseline 0.001 -16"><span class='ocrx_word' id='word_1_249' title='bbox 168 3707 275 3776; x_wconf 81' lang='lat' dir='ltr'>coegit3</span> <span class='ocrx_word' id='word_1_250' title='bbox 299 3706 405 3776; x_wconf 86' lang='lat' dir='ltr'>uiginti</span> <span class='ocrx_word' id='word_1_251' title='bbox 429 3707 483 3760; x_wconf 91' lang='lat' dir='ltr'>sibi</span> <span class='ocrx_word' id='word_1_252' title='bbox 506 3708 641 3776; x_wconf 86' lang='lat' dir='ltr'>patricios</span> <span class='ocrx_word' id='word_1_253' title='bbox 664 3708 740 3761; x_wconf 92' lang='lat' dir='ltr'>uiros</span> <span class='ocrx_word' id='word_1_254' title='bbox 764 3707 874 3762; x_wconf 90' lang='lat' dir='ltr'>consilii</span> <span class='ocrx_word' id='word_1_255' title='bbox 899 3725 984 3764; x_wconf 88' lang='lat' dir='ltr'>causa</span> <span class='ocrx_word' id='word_1_256' title='bbox 1008 3708 1127 3776; x_wconf 82' lang='lat' dir='ltr'>legerat:</span> <span class='ocrx_word' id='word_1_257' title='bbox 1152 3709 1252 3762; x_wconf 90' lang='lat' dir='ltr'>horum</span> <span class='ocrx_word' id='word_1_258' title='bbox 1271 3709 1320 3762; x_wconf 85' lang='lat' dir='ltr'>uix</span> 
     </span>
     <span class='ocr_line' id='line_1_32' title="bbox 168 3786 1070 3856; baseline 0.001 -17"><span class='ocrx_word' id='word_1_259' title='bbox 168 3788 240 3840; x_wconf 88' lang='lat' dir='ltr'>duos</span> <span class='ocrx_word' id='word_1_260' title='bbox 259 3786 414 3841; x_wconf 87' lang='lat' dir='ltr'>incolumes</span> <span class='ocrx_word' id='word_1_261' title='bbox 432 3787 556 3856; x_wconf 82' lang='lat' dir='ltr'>reliquit,</span> <span class='ocrx_word' id='word_1_262' title='bbox 576 3790 682 3842; x_wconf 89' lang='lat' dir='ltr'>ceteros</span> <span class='ocrx_word' id='word_1_263' title='bbox 702 3788 820 3841; x_wconf 85' lang='lat' dir='ltr'>diuersis</span> <span class='ocrx_word' id='word_1_264' title='bbox 840 3788 931 3842; x_wconf 87' lang='lat' dir='ltr'>causis</span> <span class='ocrx_word' id='word_1_265' title='bbox 951 3789 1070 3842; x_wconf 89' lang='lat' dir='ltr'>necauit.</span> 
     </span>
    </p>
   </div>
   <div class='ocr_carea' id='block_1_4' title="bbox 166 3999 1319 4553">
    <p class='ocr_par' dir='ltr' id='par_1_11' title="bbox 166 3999 1319 4553">
     <span class='ocr_line' id='line_1_33' title="bbox 242 3999 1318 4070; baseline 0.001 -17"><span class='ocrx_word' id='word_1_266' title='bbox 242 4005 257 4053; x_wconf 91' lang='grc'>8</span> <span class='ocrx_word' id='word_1_267' title='bbox 277 3999 385 4069; x_wconf 88' lang='lat' dir='ltr'>plebeis</span> <span class='ocrx_word' id='word_1_268' title='bbox 402 4001 435 4068; x_wconf 78' lang='lat' dir='ltr'>G,</span> <span class='ocrx_word' id='word_1_269' title='bbox 454 4001 532 4070; x_wconf 85' lang='lat' dir='ltr'>plebi</span> <span class='ocrx_word' id='word_1_270' title='bbox 546 4004 605 4056; x_wconf 85' lang='grc' dir='ltr'>ΠΧ</span> <span class='ocrx_word' id='word_1_271' title='bbox 620 4001 665 4070; x_wconf 82' lang='lat' dir='ltr'>(cf.</span> <span class='ocrx_word' id='word_1_272' title='bbox 681 4019 710 4070; x_wconf 79' lang='lat' dir='ltr'>p.</span> <span class='ocrx_word' id='word_1_273' title='bbox 722 4006 786 4068; x_wconf 84' lang='lat'><strong><em>150,</em></strong></span> <span class='ocrx_word' id='word_1_274' title='bbox 795 4005 842 4070; x_wconf 78' lang='lat'>21)</span> <span class='ocrx_word' id='word_1_275' title='bbox 924 4007 939 4056; x_wconf 85' lang='lat'>9</span> <span class='ocrx_word' id='word_1_276' title='bbox 958 4002 1072 4070; x_wconf 86' lang='lat' dir='ltr'>publica</span> <span class='ocrx_word' id='word_1_277' title='bbox 1088 4002 1114 4056; x_wconf 77' lang='lat' dir='ltr'><em>G</em></span> <span class='ocrx_word' id='word_1_278' title='bbox 1201 4007 1234 4054; x_wconf 90' lang='lat'>14</span> <span class='ocrx_word' id='word_1_279' title='bbox 1254 4017 1318 4056; x_wconf 90' lang='lat' dir='ltr'>con-</span> 
     </span>
     <span class='ocr_line' id='line_1_34' title="bbox 168 4081 1283 4152; baseline 0.001 -18"><span class='ocrx_word' id='word_1_280' title='bbox 168 4081 325 4135; x_wconf 87' lang='lat' dir='ltr'>citarentur</span> <span class='ocrx_word' id='word_1_281' title='bbox 343 4083 403 4150; x_wconf 82' lang='lat' dir='ltr'>(oru.</span> <span class='ocrx_word' id='word_1_282' title='bbox 418 4082 442 4134; x_wconf 89' lang='lat' dir='ltr'>ti</span> <span class='ocrx_word' id='word_1_283' title='bbox 460 4082 596 4151; x_wconf 57' lang='lat' dir='ltr'>prodam</span> <span class='ocrx_word' id='word_1_284' title='bbox 686 4081 838 4135; x_wconf 90' lang='lat' dir='ltr'>conuiciati</span> <span class='ocrx_word' id='word_1_285' title='bbox 857 4083 974 4152; x_wconf 71' lang='lat' dir='ltr'>Bentley</span> <span class='ocrx_word' id='word_1_286' title='bbox 1064 4082 1247 4150; x_wconf 84' lang='lat' dir='ltr'>perderentur</span> <span class='ocrx_word' id='word_1_287' title='bbox 1266 4098 1283 4140; x_wconf 85' lang='grc' dir='ltr'><strong><em>ς</em></strong></span> 
     </span>
     <span class='ocr_line' id='line_1_35' title="bbox 166 4161 1319 4232; baseline 0 -18"><span class='ocrx_word' id='word_1_288' title='bbox 166 4161 287 4231; x_wconf 85' lang='lat' dir='ltr'>ingestis</span> <span class='ocrx_word' id='word_1_289' title='bbox 304 4162 421 4230; x_wconf 76' lang='lat' dir='ltr'>Bentley</span> <span class='ocrx_word' id='word_1_290' title='bbox 513 4168 544 4215; x_wconf 78' lang='lat'>15</span> <span class='ocrx_word' id='word_1_291' title='bbox 564 4163 658 4216; x_wconf 87' lang='lat' dir='ltr'>hostes</span> <span class='ocrx_word' id='word_1_292' title='bbox 675 4162 756 4216; x_wconf 74' lang='lat' dir='ltr'>GXT</span> <span class='ocrx_word' id='word_1_293' title='bbox 845 4167 877 4214; x_wconf 77' lang='grc'>17</span> <span class='ocrx_word' id='word_1_294' title='bbox 898 4162 1017 4232; x_wconf 90' lang='lat' dir='ltr'>cumei]</span> <span class='ocrx_word' id='word_1_295' title='bbox 1037 4162 1124 4216; x_wconf 78' lang='lat' dir='ltr'>cuiG</span> <span class='ocrx_word' id='word_1_296' title='bbox 1217 4167 1251 4214; x_wconf 78' lang='lat'>20</span> <span class='ocrx_word' id='word_1_297' title='bbox 1271 4179 1319 4215; x_wconf 93' lang='lat' dir='ltr'>cu-</span> 
     </span>
     <span class='ocr_line' id='line_1_36' title="bbox 167 4241 1318 4310; baseline 0.002 -16"><span class='ocrx_word' id='word_1_298' title='bbox 167 4241 267 4296; x_wconf 83' lang='lat' dir='ltr'>linaG</span> <span class='ocrx_word' id='word_1_299' title='bbox 361 4241 498 4309; x_wconf 83' lang='lat' dir='ltr'>reliquiae</span> <span class='ocrx_word' id='word_1_300' title='bbox 523 4241 666 4310; x_wconf 84' lang='lat' dir='ltr'>dispersae</span> <span class='ocrx_word' id='word_1_301' title='bbox 686 4242 805 4308; x_wconf 78' lang='lat' dir='ltr'>Gronov.</span> <span class='ocrx_word' id='word_1_302' title='bbox 897 4241 1075 4298; x_wconf 70' lang='lat' dir='ltr'>aromatum</span> <span class='ocrx_word' id='word_1_303' title='bbox 1098 4244 1129 4295; x_wconf 82' lang='lat' dir='ltr'>tn</span> <span class='ocrx_word' id='word_1_304' title='bbox 1149 4243 1187 4296; x_wconf 89' lang='lat' dir='ltr'><em>M</em></span> <span class='ocrx_word' id='word_1_305' title='bbox 1202 4259 1237 4297; x_wconf 82' lang='lat' dir='ltr'>ss.</span> <span class='ocrx_word' id='word_1_306' title='bbox 1256 4248 1318 4296; x_wconf 79' lang='lat' dir='ltr'>oa1</span> 
     </span>
     <span class='ocr_line' id='line_1_37' title="bbox 167 4321 1319 4393; baseline -0.001 -17"><span class='ocrx_word' id='word_1_307' title='bbox 167 4322 213 4376; x_wconf 80' lang='lat' dir='ltr'>aet</span> <span class='ocrx_word' id='word_1_308' title='bbox 230 4339 265 4376; x_wconf 83' lang='lat' dir='ltr'>m.</span> <span class='ocrx_word' id='word_1_309' title='bbox 275 4325 302 4387; x_wconf 85' lang='lat'>2,</span> <span class='ocrx_word' id='word_1_310' title='bbox 323 4338 372 4374; x_wconf 77' lang='lat' dir='ltr'>out.</span> <span class='ocrx_word' id='word_1_311' title='bbox 394 4321 507 4376; x_wconf 81' lang='lat' dir='ltr'>Orosius</span> <span class='ocrx_word' id='word_1_312' title='bbox 526 4323 619 4391; x_wconf 80' lang='lat' dir='ltr'>(Roth)</span> <span class='ocrx_word' id='word_1_313' title='bbox 723 4323 807 4393; x_wconf 86' lang='lat' dir='ltr'>anne]</span> <span class='ocrx_word' id='word_1_314' title='bbox 836 4322 896 4378; x_wconf 92' lang='lat' dir='ltr'>siue</span> <span class='ocrx_word' id='word_1_315' title='bbox 916 4323 953 4389; x_wconf 77' lang='lat' dir='ltr'>G,</span> <span class='ocrx_word' id='word_1_316' title='bbox 983 4325 1032 4376; x_wconf 89' lang='lat' dir='ltr'>aut</span> <span class='ocrx_word' id='word_1_317' title='bbox 1052 4323 1108 4376; x_wconf 82' lang='lat' dir='ltr'>TN</span> <span class='ocrx_word' id='word_1_318' title='bbox 1208 4327 1242 4375; x_wconf 79' lang='lat'>25</span> <span class='ocrx_word' id='word_1_319' title='bbox 1262 4321 1319 4376; x_wconf 87' lang='lat' dir='ltr'>alia</span> 
     </span>
     <span class='ocr_line' id='line_1_38' title="bbox 167 4401 1319 4472; baseline -0.003 -14"><span class='ocrx_word' id='word_1_320' title='bbox 167 4419 252 4472; x_wconf 79' lang='lat' dir='ltr'>usque</span> <span class='ocrx_word' id='word_1_321' title='bbox 272 4401 352 4455; x_wconf 91' lang='lat' dir='ltr'>clade</span> <span class='ocrx_word' id='word_1_322' title='bbox 371 4418 421 4456; x_wconf 87' lang='lat' dir='ltr'>om.</span> <span class='ocrx_word' id='word_1_323' title='bbox 437 4402 462 4454; x_wconf 91' lang='lat' dir='ltr'><em>V</em></span> <span class='ocrx_word' id='word_1_324' title='bbox 533 4408 566 4455; x_wconf 77' lang='lat'>26</span> <span class='ocrx_word' id='word_1_325' title='bbox 586 4419 694 4456; x_wconf 88' lang='lat' dir='ltr'>summa</span> <span class='ocrx_word' id='word_1_326' title='bbox 710 4404 748 4456; x_wconf 87' lang='lat' dir='ltr'><em>M</em></span> <span class='ocrx_word' id='word_1_327' title='bbox 818 4409 851 4456; x_wconf 74' lang='lat'>‘27</span> <span class='ocrx_word' id='word_1_328' title='bbox 871 4401 1091 4458; x_wconf 87' lang='lat' dir='ltr'>beniuolentiam</span> <span class='ocrx_word' id='word_1_329' title='bbox 1112 4403 1163 4457; x_wconf 85' lang='lat' dir='ltr'>VR</span> <span class='ocrx_word' id='word_1_330' title='bbox 1234 4419 1319 4470; x_wconf 86' lang='lat' dir='ltr'>quam</span> 
     </span>
     <span class='ocr_line' id='line_1_39' title="bbox 167 4482 435 4553; baseline -0.011 -17"><span class='ocrx_word' id='word_1_331' title='bbox 167 4484 212 4553; x_wconf 83' lang='lat' dir='ltr'>ut]</span> <span class='ocrx_word' id='word_1_332' title='bbox 232 4482 281 4551; x_wconf 92' lang='lat' dir='ltr'>qui</span> <span class='ocrx_word' id='word_1_333' title='bbox 300 4483 395 4534; x_wconf 87' lang='lat' dir='ltr'>autern</span> <span class='ocrx_word' id='word_1_334' title='bbox 410 4482 435 4533; x_wconf 90' lang='lat' dir='ltr'><em>V</em></span> 
     </span>
    </p>
   </div>
   <div class='ocr_carea' id='block_1_5' title="bbox 0 0 1588 5106">
    <p class='ocr_par' dir='ltr' id='par_1_12' title="bbox 0 0 1588 5106">
     <span class='ocr_line' id='line_1_40' title="bbox 0 0 1588 5106; baseline 0 0"><span class='ocrx_word' id='word_1_335' title='bbox 0 0 1588 5106; x_wconf 95' lang='lat' dir='ltr'> </span> 
     </span>
    </p>
   </div>
  </div>
 </body>
</html>
