3142 5112
270 383 312 447 26
621 383 648 438 c.
669 383 826 438 svsuom
844 383 1067 448 saeuorum

235 546 410 628 storibus,
439 567 575 629 quorum
604 547 702 610 refert
729 546 868 612 nomina.
916 545 1027 612 Cicero
1055 568 1132 611 uero
1159 569 1226 611 non
1250 552 1421 612 contentus

270 654 304 716 in
342 653 534 736 quibusdam
572 651 718 734 epistulis
748 654 828 733 <ina
845 655 905 736 frp.
925 653 959 716 E
982 652 1117 718 XVIII
1130 654 1171 737 5>
1207 655 1372 737 scripsisse
1402 678 1422 718 a

271 758 464 824 satellitibus
489 782 562 823 eum
586 760 620 822 in
644 759 830 824 cubiculum
852 760 978 845 regium
998 761 1147 824 eductum
1166 762 1201 824 in
1219 782 1315 825 aureo
1334 761 1421 824 lecto

270 869 360 930 ueste
382 889 544 950 purpurea
567 865 756 930 decubuisse
779 867 954 948 floremque
978 868 1091 931 aetatis
1116 866 1276 931 aVenere
1300 867 1362 931 orti
1385 867 1423 931 in

270 973 426 1057 Bithynia
449 974 711 1055 contaminatum,
736 973 897 1056 quondam
920 974 1017 1036 etiam
1042 975 1075 1037 in
1100 977 1214 1038 senatu
1237 972 1421 1038 defendenti
1452 998 1468 1037 s
1560 973 1563 984 '

269 1081 299 1143 ei
322 1079 430 1164 Nysae
458 1101 599 1163 eausam,
626 1079 713 1144 filiae
742 1080 941 1163 Nicomedis,
969 1081 1187 1164 beneficiaque
1214 1081 1299 1166 regis
1327 1081 1362 1144 in
1386 1103 1421 1144 se

169 1195 171 1198 ’
271 1188 547 1251 commemoranti:
580 1209 745 1270 remoue,
775 1189 894 1273 inquit,
925 1191 1059 1270 istaec,
1090 1209 1156 1252 oro
1187 1192 1236 1270 te,
1269 1187 1420 1270 quando

269 1297 400 1357 notum
424 1298 495 1377 est,
524 1298 560 1357 et
584 1293 676 1376 quid
699 1293 767 1357 ille
791 1294 865 1358 tibi
894 1300 932 1359 et
955 1295 1047 1378 quid
1070 1294 1131 1358 illi
1154 1298 1237 1358 tute
1261 1293 1420 1358 dederis.

235 1398 395 1465 4Callico
424 1399 561 1483 denique
588 1385 753 1483 triumpho
782 1401 902 1466 milites
932 1404 1000 1466 eius
1027 1400 1112 1465 inter
1139 1404 1246 1465 cetera
1270 1401 1421 1484 carmina,
1494 1385 1498 1393 ¹

271 1507 379 1590 qualia
411 1528 540 1570 currum
568 1511 800 1590 prosequentes
831 1508 1017 1573 ioculariter
1049 1512 1182 1591 canunt,
1214 1509 1311 1571 etiam
1338 1507 1467 1571 illudio

270 1613 386 1696 <FPR
402 1635 433 1695 p.
452 1616 536 1695 330>
560 1613 820 1698 uulgatissimum
843 1616 1148 1697 pronuntiauenmt:

339 1718 486 1783 Gallias
511 1718 652 1783 Caesar
674 1719 842 1805 subegit,
866 1721 1094 1786 Nicomedes
1120 1719 1330 1785 Caesarem:

338 1847 423 1890 ecoe
447 1823 584 1890 Caesar
607 1847 705 1889 nunc
729 1826 946 1911 triumphat
970 1829 1034 1911 qui
1058 1827 1213 1913 subegit
1237 1824 1398 1910 Callias,

337 1931 564 1997 Nicomedes
586 1954 661 1996 non
684 1934 899 2016 triumphat
923 1936 987 2017 qui
1012 1933 1167 2019 subegit
1191 1931 1397 1997 Caesarem.

219 2037 410 2123 bCpronum
441 2043 472 2103 et
503 2043 728 2122 sumptuosum
758 2041 792 2103 in
821 2039 972 2104 libidines
1002 2040 1102 2103 fuisse
1130 2044 1281 2104 constans
1310 2038 1419 2123 opinio
1436 2064 1464 2104 rs

272 2151 332 2232 est,
364 2146 582 2230 plurimasque
615 2150 647 2209 et
679 2145 821 2210 illustres
851 2146 986 2210 feminas
1016 2147 1210 2229 corrupisse,
1239 2146 1272 2210 in
1302 2146 1420 2229 quibus

271 2254 470 2317 Postumiam
495 2252 587 2318 Serui
616 2251 791 2337 Sulpici['],
814 2253 953 2318 Lolliam
976 2252 1054 2317 Auli
1083 2252 1214 2334 Gabini,
1242 2253 1420 2318 Tertullam

272 2360 373 2424 Marci
404 2358 525 2442 Crassi,
555 2361 651 2423 etiam
677 2358 732 2422 Cn.
757 2359 890 2442 Pompei
917 2359 1066 2424 Muciam.
1110 2381 1185 2423 nam
1216 2363 1301 2423 certe
1327 2359 1421 2424 Pom-

271 2469 345 2551 peio
369 2469 401 2530 et
425 2489 443 2529 a
468 2464 660 2530 Curionibus
684 2469 775 2548 patre
803 2470 835 2530 et
863 2467 931 2530 filio
960 2471 992 2530 et
1015 2490 1033 2530 a
1056 2466 1167 2531 multis
1191 2466 1419 2550 exprobratum

272 2578 334 2657 est,
363 2572 451 2655 quod
479 2571 568 2636 cuius
598 2594 693 2637 causa
715 2578 791 2656 post
813 2577 879 2637 tres
903 2572 1021 2637 liberos
1050 2573 1209 2659 exegisset
1231 2595 1365 2637 uxorem
1388 2577 1421 2636 et
1436 2597 1465 2636 ao

272 2700 367 2762 quem
398 2700 528 2764 gemens
558 2678 753 2765 Aegisthum
783 2680 944 2762 appellare
979 2683 1177 2762 consuesset,
1211 2681 1279 2744 eius
1308 2683 1421 2763 postea

238 2788 373 2849 afiliam
402 2787 566 2869 potentiae
596 2785 771 2870 cupiditate
801 2786 834 2848 in
865 2786 1105 2851 matrimonium
1135 2786 1315 2868 recepisset.
1366 2785 1421 2850 sed

273 2896 347 2956 ante
384 2893 462 2957 alias
499 2892 612 2957 dilexit
645 2892 747 2958 Marci
779 2893 874 2957 Br'uti
911 2898 1047 2957 matrem
1085 2892 1268 2976 Seruiliam,
1305 2892 1357 2956 cui
1389 2897 1421 2956 et
1460 2919 1463 2924 ·

272 2999 420 3083 proximo
444 3021 502 3063 suo
526 3000 697 3064 consulatu
719 2999 886 3092 sexagiens
911 3001 1093 3082 sesterfium
1113 2999 1320 3086 margaritam
1341 3021 1420 3063 mer·

273 3110 363 3170 catus
392 3109 441 3170 est
469 3110 501 3170 et
530 3106 614 3170 bello
644 3106 732 3169 ciuili
766 3129 861 3189 super
891 3108 970 3170 alias
1002 3107 1190 3172 donationes
1221 3105 1465 3190 amplissimam

272 3212 402 3296 praedia
431 3236 469 3276 ex
497 3211 701 3277 auctionibus
729 3212 840 3278 hastae
869 3213 1002 3277 minimo
1032 3214 1166 3299 addixit3
1195 3234 1267 3277 cum
1292 3212 1420 3296 quidem

272 3320 433 3403 plerisque
461 3321 620 3384 uilitatem
650 3318 842 3385 mirantibus
871 3319 1064 3385 facetissime
1094 3319 1217 3385 Cicero:
1252 3341 1325 3402 quo
1349 3341 1421 3383 me·

273 3427 364 3510 lius,
391 3427 510 3511 iuquit,
539 3431 705 3510 emptum
735 3429 882 3511 sciatis,
907 3427 1025 3491 tertia
1057 3428 1231 3510 deducta,
1262 3423 1421 3490 existima-

272 3534 369 3598 batur
391 3535 476 3597 enim
501 3533 637 3598 Seruilia
666 3535 762 3598 etiam
792 3533 891 3597 filiam
919 3557 1009 3598 suam
1032 3534 1174 3599 Tertiam
1199 3532 1326 3597 Caesari
1349 3555 1422 3598 con·
1471 3607 1476 3614 ,

346 3710 587 3767 3deductumGs
651 3710 1025 3781 tortumG,orte(-eT)X
1087 3714 1118 3761 13
1128 3709 1422 3762 habeatoersammiti

272 3796 425 3858 suspectam
443 3787 547 3855 Y'025,
566 3806 616 3842 em.
634 3789 873 3843 MHGVLPO¹d
933 3795 966 3843 11
981 3796 1044 3857 post
1062 3790 1134 3843 baec
1152 3806 1260 3843 oeream
1280 3787 1317 3841 Et
1334 3803 1421 3854 quare

273 3869 430 3938 triumphat
444 3883 523 3940 cesar
533 3869 581 3937 qui
597 3868 709 3937 subegit
723 3867 826 3937 gallias
840 3869 999 3923 nicomedes
1013 3886 1069 3922 non
1082 3868 1240 3936 triumphat
1250 3868 1298 3936 qui
1309 3867 1422 3937 subegit

273 3965 397 4021 cesarem
413 3950 475 4002 add.
489 3950 524 4021 Q,
544 3951 606 4004 item
620 3969 633 4003 ε
648 3950 678 4001 ie
692 3966 777 4019 moro.
848 3954 879 4001 17
900 3947 1088 4017 postuminam
1100 3950 1136 4002 M
1140 3947 1266 4002 VPOSd
1330 3953 1363 4000 22
1378 3963 1420 4000 re·

274 4030 380 4098 cepisse
392 4029 428 4081 Μ
431 4031 449 4082 d
464 4031 512 4098 (sic
522 4030 638 4098 Bentley
653 4029 743 4082 deleas
758 4029 834 4095 quod
848 4031 865 4083 l.
875 4031 923 4097 20)
985 4035 1018 4081 23
1033 4028 1182 4097 repetisset
1192 4035 1255 4096 post
1269 4026 1341 4080 alias
1356 4027 1419 4081 add.

274 4111 359 4164 MGd
370 4113 406 4178 (a.
419 4110 435 4162 l.
442 4127 496 4178 pro
505 4109 658 4179 recepisset
668 4110 698 4162 io
713 4129 734 4174 s,
750 4111 901 4175 antequam
913 4125 965 4176 pro
976 4111 1040 4162 ante
1057 4109 1235 4177 interpolabit
1243 4111 1271 4177 d)
1326 4111 1356 4162 et
1369 4125 1419 4163 orn.

273 4191 294 4245 S
299 4190 315 4255 ¹,
329 4189 357 4242 in
369 4188 497 4245 P¹S²0T
568 4196 603 4243 24
621 4189 711 4258 primo
724 4189 801 4243 Torr.
813 4189 905 4258 (Roth)
979 4188 1138 4242 sestertium
1153 4188 1259 4257 (cium)
1274 4190 1300 4240 a
1319 4189 1421 4257 (tuctw

274 4267 1420 4338 omnibuszoesflowarafflarvardscammuse),sestertios(1.F.Groeov.);

274 4351 308 4416 cf.
322 4351 495 4420 11213041
517 4350 576 4404 Tib.
588 4354 624 4402 48
643 4349 699 4403 Col.
711 4353 748 4402 38
764 4351 802 4404 cl.
815 4355 833 4402 6
846 4350 913 4404 Ner.
924 4353 961 4403 27
975 4350 1051 4416 Vesp.
1063 4353 1098 4402 19
1171 4354 1205 4401 26
1224 4348 1307 4402 hasta
1326 4364 1341 4402 s
1362 4349 1421 4419 Qd,

274 4430 355 4501 haste
366 4432 426 4495 eil,
437 4429 534 4500 hastec
544 4429 580 4495 R,
590 4429 692 4482 hausta
703 4431 798 4497 (aucta
810 4428 855 4494 0¹)
866 4431 918 4482 eX
924 4430 1002 4496 (corr.
1013 4427 1066 4496 ps)
1121 4427 1240 4481 adduxit
1249 4431 1278 4480 X
1285 4431 1362 4496 (corr.
1372 4428 1420 4497 P')

274 4514 308 4563 28
328 4512 371 4564 est
385 4515 449 4578 post
467 4508 589 4562 deducta
609 4509 672 4564 add.
696 4507 805 4563 ῬῬὈ
823 4509 868 4576 (cf.
889 4509 1013 4562 dlacrob.
1032 4514 1082 4562 sut.
1099 4509 1136 4562 II
1146 4510 1210 4578 2,5)
