<?xml version="1.0" encoding="UTF-8"?>
<!DOCTYPE html PUBLIC "-//W3C//DTD XHTML 1.0 Transitional//EN"
    "http://www.w3.org/TR/xhtml1/DTD/xhtml1-transitional.dtd">
<html xmlns="http://www.w3.org/1999/xhtml" xml:lang="en" lang="en">
 <head>
  <title>
</title>
<meta http-equiv="Content-Type" content="text/html;charset=utf-8" />
  <meta name='ocr-system' content='tesseract 3.04.00' />
  <meta name='ocr-capabilities' content='ocr_page ocr_carea ocr_par ocr_line ocrx_word'/>
</head>
<body>
  <div class='ocr_page' id='page_1' title='image "./csuetoniitranqu01suetgoog_0419.png"; bbox 0 0 3108 5102; ppageno 0'>
   <div class='ocr_carea' id='block_1_1' title="bbox 504 337 1285 402">
    <p class='ocr_par' dir='ltr' id='par_1_1' title="bbox 504 337 1285 402">
     <span class='ocr_line' id='line_1_1' title="bbox 504 337 1285 402; baseline 0.012 -9"><span class='ocrx_word' id='word_1_1' title='bbox 504 339 731 394; x_wconf 80' lang='lat' dir='ltr'>DOMITIANVS</span> <span class='ocrx_word' id='word_1_2' title='bbox 751 350 817 400; x_wconf 72' lang='lat' dir='ltr'>[cm.</span> <span class='ocrx_word' id='word_1_3' title='bbox 833 351 920 400; x_wconf 56' lang='grc' dir='ltr'>ιιι-ιτ]</span> <span class='ocrx_word' id='word_1_4' title='bbox 1220 337 1285 402; x_wconf 87' lang='grc'>349</span> 
     </span>
    </p>
   </div>
   <div class='ocr_carea' id='block_1_2' title="bbox 92 502 1350 2622">
    <p class='ocr_par' dir='ltr' id='par_1_2' title="bbox 130 502 1287 909">
     <span class='ocr_line' id='line_1_2' title="bbox 130 502 1285 587; baseline -0.003 -19"><span class='ocrx_word' id='word_1_5' title='bbox 130 507 365 568; x_wconf 78' lang='lat' dir='ltr'>cruentaret</span> <span class='ocrx_word' id='word_1_6' title='bbox 378 503 598 586; x_wconf 85' lang='lat' dir='ltr'>factumque</span> <span class='ocrx_word' id='word_1_7' title='bbox 613 502 771 587; x_wconf 76' lang='lat' dir='ltr'><strong>aliquod</strong></span> <span class='ocrx_word' id='word_1_8' title='bbox 787 503 985 586; x_wconf 74' lang='lat' dir='ltr'><strong>existeret,</strong></span> <span class='ocrx_word' id='word_1_9' title='bbox 1003 502 1048 566; x_wconf 89' lang='lat' dir='ltr'>de</span> <span class='ocrx_word' id='word_1_10' title='bbox 1067 524 1139 586; x_wconf 93' lang='lat' dir='ltr'>quo</span> <span class='ocrx_word' id='word_1_11' title='bbox 1154 503 1285 585; x_wconf 89' lang='lat' dir='ltr'>loque-</span> 
     </span>
     <span class='ocr_line' id='line_1_3' title="bbox 131 608 1286 693; baseline -0.002 -19"><span class='ocrx_word' id='word_1_12' title='bbox 131 614 271 676; x_wconf 82' lang='lat' dir='ltr'><strong>rentur</strong></span> <span class='ocrx_word' id='word_1_13' title='bbox 285 609 457 675; x_wconf 89' lang='lat' dir='ltr'>homines</span> <span class='ocrx_word' id='word_1_14' title='bbox 471 631 537 693; x_wconf 90' lang='lat' dir='ltr'>per</span> <span class='ocrx_word' id='word_1_15' title='bbox 550 614 739 674; x_wconf 88' lang='lat' dir='ltr'>terrarum</span> <span class='ocrx_word' id='word_1_16' title='bbox 755 609 892 673; x_wconf 90' lang='lat' dir='ltr'>orbem.</span> <span class='ocrx_word' id='word_1_17' title='bbox 924 613 958 673; x_wconf 92' lang='lat' dir='ltr'>at</span> <span class='ocrx_word' id='word_1_18' title='bbox 969 609 1053 674; x_wconf 88' lang='lat' dir='ltr'>cirea</span> <span class='ocrx_word' id='word_1_19' title='bbox 1065 608 1202 674; x_wconf 90' lang='lat' dir='ltr'>mediam</span> <span class='ocrx_word' id='word_1_20' title='bbox 1213 629 1286 672; x_wconf 88' lang='lat' dir='ltr'>noc-</span> 
     </span>
     <span class='ocr_line' id='line_1_4' title="bbox 131 713 1287 801; baseline -0.003 -19"><span class='ocrx_word' id='word_1_21' title='bbox 131 721 204 782; x_wconf 90' lang='lat' dir='ltr'>tem</span> <span class='ocrx_word' id='word_1_22' title='bbox 218 717 265 781; x_wconf 88' lang='lat' dir='ltr'>ita</span> <span class='ocrx_word' id='word_1_23' title='bbox 278 721 328 782; x_wconf 86' lang='lat' dir='ltr'>est</span> <span class='ocrx_word' id='word_1_24' title='bbox 342 718 524 801; x_wconf 84' lang='lat' dir='ltr'>exterritus,</span> <span class='ocrx_word' id='word_1_25' title='bbox 542 721 579 780; x_wconf 91' lang='lat' dir='ltr'>ut</span> <span class='ocrx_word' id='word_1_26' title='bbox 589 739 610 780; x_wconf 89' lang='lat' dir='ltr'>e</span> <span class='ocrx_word' id='word_1_27' title='bbox 630 720 730 781; x_wconf 90' lang='lat' dir='ltr'>strato</span> <span class='ocrx_word' id='word_1_28' title='bbox 748 717 918 800; x_wconf 85' lang='lat' dir='ltr'>prosiliret</span> <span class='ocrx_word' id='word_1_29' title='bbox 951 715 1073 780; x_wconf 86' lang='lat' dir='ltr'>dehinc</span> <span class='ocrx_word' id='word_1_30' title='bbox 1086 713 1180 780; x_wconf 88' lang='lat' dir='ltr'>mane</span> <span class='ocrx_word' id='word_1_31' title='bbox 1192 715 1287 779; x_wconf 91' lang='lat' dir='ltr'>haru-</span> 
     </span>
     <span class='ocr_line' id='line_1_5' title="bbox 132 821 1287 909; baseline -0.003 -20"><span class='ocrx_word' id='word_1_32' title='bbox 132 825 260 909; x_wconf 90' lang='lat' dir='ltr'>spicem</span> <span class='ocrx_word' id='word_1_33' title='bbox 279 846 318 888; x_wconf 87' lang='lat' dir='ltr'>ex</span> <span class='ocrx_word' id='word_1_34' title='bbox 342 821 511 888; x_wconf 80' lang='lat' dir='ltr'>Germania</span> <span class='ocrx_word' id='word_1_35' title='bbox 533 825 678 907; x_wconf 90' lang='lat' dir='ltr'>missum,</span> <span class='ocrx_word' id='word_1_36' title='bbox 702 823 759 905; x_wconf 92' lang='lat' dir='ltr'>qui</span> <span class='ocrx_word' id='word_1_37' title='bbox 782 822 947 888; x_wconf 90' lang='lat' dir='ltr'>consultus</span> <span class='ocrx_word' id='word_1_38' title='bbox 972 822 1010 886; x_wconf 91' lang='lat' dir='ltr'>de</span> <span class='ocrx_word' id='word_1_39' title='bbox 1032 821 1161 906; x_wconf 90' lang='lat' dir='ltr'>fulgure</span> <span class='ocrx_word' id='word_1_40' title='bbox 1185 827 1287 886; x_wconf 91' lang='lat' dir='ltr'>muta·</span> 
     </span>
    </p>

    <p class='ocr_par' dir='ltr' id='par_1_3' title="bbox 99 927 1322 1442">
     <span class='ocr_line' id='line_1_6' title="bbox 99 927 1322 1014; baseline -0.007 -14"><span class='ocrx_word' id='word_1_41' title='bbox 99 955 116 1000; x_wconf 80' lang='lat' dir='ltr'>a</span> <span class='ocrx_word' id='word_1_42' title='bbox 132 931 260 996; x_wconf 88' lang='lat' dir='ltr'>tionem</span> <span class='ocrx_word' id='word_1_43' title='bbox 271 951 376 994; x_wconf 90' lang='lat' dir='ltr'>rerum</span> <span class='ocrx_word' id='word_1_44' title='bbox 391 929 601 1014; x_wconf 77' lang='lat' dir='ltr'>praedixerat,</span> <span class='ocrx_word' id='word_1_45' title='bbox 615 929 1025 1013; x_wconf 88' lang='lat' dir='ltr'>audiitcondemnauitque.</span> <span class='ocrx_word' id='word_1_46' title='bbox 1063 951 1099 994; x_wconf 89' lang='lat' dir='ltr'>ac</span> <span class='ocrx_word' id='word_1_47' title='bbox 1110 929 1185 993; x_wconf 90' lang='lat' dir='ltr'>dum</span> <span class='ocrx_word' id='word_1_48' title='bbox 1201 927 1287 993; x_wconf 82' lang='lat' dir='ltr'>exul·</span> <span class='ocrx_word' id='word_1_49' title='bbox 1307 945 1322 992; x_wconf 81' lang='lat'>2</span> 
     </span>
     <span class='ocr_line' id='line_1_7' title="bbox 132 1035 1287 1120; baseline -0.002 -18"><span class='ocrx_word' id='word_1_50' title='bbox 132 1042 277 1102; x_wconf 88' lang='lat' dir='ltr'>ceratam</span> <span class='ocrx_word' id='word_1_51' title='bbox 293 1038 327 1100; x_wconf 92' lang='lat' dir='ltr'>in</span> <span class='ocrx_word' id='word_1_52' title='bbox 344 1037 451 1101; x_wconf 85' lang='lat' dir='ltr'>fronte</span> <span class='ocrx_word' id='word_1_53' title='bbox 465 1058 631 1101; x_wconf 89' lang='lat' dir='ltr'>uerrucam</span> <span class='ocrx_word' id='word_1_54' title='bbox 646 1035 867 1102; x_wconf 89' lang='lat' dir='ltr'>uehementius</span> <span class='ocrx_word' id='word_1_55' title='bbox 882 1037 1007 1120; x_wconf 78' lang='lat' dir='ltr'>scalpit,</span> <span class='ocrx_word' id='word_1_56' title='bbox 1023 1036 1202 1120; x_wconf 88' lang='lat' dir='ltr'>profluente</span> <span class='ocrx_word' id='word_1_57' title='bbox 1217 1057 1287 1100; x_wconf 92' lang='lat' dir='ltr'>san-</span> 
     </span>
     <span class='ocr_line' id='line_1_8' title="bbox 132 1143 1286 1230; baseline -0.001 -21"><span class='ocrx_word' id='word_1_58' title='bbox 132 1145 249 1230; x_wconf 91' lang='lat' dir='ltr'>guine:</span> <span class='ocrx_word' id='word_1_59' title='bbox 272 1143 432 1228; x_wconf 88' lang='lat' dir='ltr'>utinam,</span> <span class='ocrx_word' id='word_1_60' title='bbox 451 1144 567 1228; x_wconf 89' lang='lat' dir='ltr'>inquit,</span> <span class='ocrx_word' id='word_1_61' title='bbox 588 1143 784 1208; x_wconf 87' lang='lat' dir='ltr'>hactenus.</span> <span class='ocrx_word' id='word_1_62' title='bbox 821 1147 899 1207; x_wconf 92' lang='lat' dir='ltr'>tunc</span> <span class='ocrx_word' id='word_1_63' title='bbox 916 1143 1014 1207; x_wconf 88' lang='lat' dir='ltr'>horas</span> <span class='ocrx_word' id='word_1_64' title='bbox 1033 1143 1208 1226; x_wconf 86' lang='lat' dir='ltr'>requirenti</span> <span class='ocrx_word' id='word_1_65' title='bbox 1227 1165 1286 1226; x_wconf 89' lang='lat' dir='ltr'>pro</span> 
     </span>
     <span class='ocr_line' id='line_1_9' title="bbox 134 1249 1287 1335; baseline 0 -21"><span class='ocrx_word' id='word_1_66' title='bbox 134 1251 262 1335; x_wconf 91' lang='lat' dir='ltr'>quinta,</span> <span class='ocrx_word' id='word_1_67' title='bbox 285 1272 384 1333; x_wconf 89' lang='lat' dir='ltr'>quam</span> <span class='ocrx_word' id='word_1_68' title='bbox 407 1250 578 1332; x_wconf 86' lang='lat' dir='ltr'>metuebat,</span> <span class='ocrx_word' id='word_1_69' title='bbox 605 1254 695 1316; x_wconf 87' lang='lat' dir='ltr'>sexta</span> <span class='ocrx_word' id='word_1_70' title='bbox 718 1271 756 1314; x_wconf 83' lang='lat' dir='ltr'>ex</span> <span class='ocrx_word' id='word_1_71' title='bbox 780 1249 940 1314; x_wconf 88' lang='lat' dir='ltr'>industria</span> <span class='ocrx_word' id='word_1_72' title='bbox 961 1250 1110 1314; x_wconf 90' lang='lat' dir='ltr'>nuntiata</span> <span class='ocrx_word' id='word_1_73' title='bbox 1133 1254 1189 1314; x_wconf 91' lang='lat' dir='ltr'>est.</span> <span class='ocrx_word' id='word_1_74' title='bbox 1236 1249 1287 1314; x_wconf 90' lang='lat' dir='ltr'>his</span> 
     </span>
     <span class='ocr_line' id='line_1_10' title="bbox 133 1356 1287 1442; baseline -0.001 -20"><span class='ocrx_word' id='word_1_75' title='bbox 133 1357 232 1422; x_wconf 89' lang='lat' dir='ltr'>uelut</span> <span class='ocrx_word' id='word_1_76' title='bbox 258 1361 422 1422; x_wconf 87' lang='lat' dir='ltr'>transacto</span> <span class='ocrx_word' id='word_1_77' title='bbox 450 1358 514 1421; x_wconf 89' lang='lat' dir='ltr'>iam</span> <span class='ocrx_word' id='word_1_78' title='bbox 541 1356 684 1442; x_wconf 89' lang='lat' dir='ltr'>periculo</span> <span class='ocrx_word' id='word_1_79' title='bbox 714 1356 836 1420; x_wconf 88' lang='lat' dir='ltr'>laetum</span> <span class='ocrx_word' id='word_1_80' title='bbox 862 1356 1134 1440; x_wconf 84' lang='lat' dir='ltr'>festinantemque</span> <span class='ocrx_word' id='word_1_81' title='bbox 1156 1357 1197 1420; x_wconf 90' lang='lat' dir='ltr'>ad</span> <span class='ocrx_word' id='word_1_82' title='bbox 1221 1361 1287 1421; x_wconf 79' lang='lat' dir='ltr'>cor&#39;-</span> 
     </span>
    </p>

    <p class='ocr_par' dir='ltr' id='par_1_4' title="bbox 92 1462 1290 1853">
     <span class='ocr_line' id='line_1_11' title="bbox 92 1462 1288 1550; baseline -0.004 -18"><span class='ocrx_word' id='word_1_83' title='bbox 92 1492 121 1532; x_wconf 83' lang='grc' dir='ltr'>ιο</span> <span class='ocrx_word' id='word_1_84' title='bbox 135 1465 229 1550; x_wconf 87' lang='lat' dir='ltr'>poris</span> <span class='ocrx_word' id='word_1_85' title='bbox 241 1485 352 1528; x_wconf 91' lang='lat' dir='ltr'>curam</span> <span class='ocrx_word' id='word_1_86' title='bbox 361 1462 555 1528; x_wconf 90' lang='lat' dir='ltr'>Parthenius</span> <span class='ocrx_word' id='word_1_87' title='bbox 570 1463 719 1528; x_wconf 89' lang='lat' dir='ltr'>cubiculo</span> <span class='ocrx_word' id='word_1_88' title='bbox 734 1464 937 1547; x_wconf 90' lang='lat' dir='ltr'>praepositus</span> <span class='ocrx_word' id='word_1_89' title='bbox 952 1465 1123 1547; x_wconf 87' lang='lat' dir='ltr'>conuertit,</span> <span class='ocrx_word' id='word_1_90' title='bbox 1135 1465 1288 1528; x_wconf 90' lang='lat' dir='ltr'>nuntians</span> 
     </span>
     <span class='ocr_line' id='line_1_12' title="bbox 135 1569 1289 1657; baseline -0.001 -22"><span class='ocrx_word' id='word_1_91' title='bbox 135 1593 210 1638; x_wconf 88' lang='lat' dir='ltr'>esse</span> <span class='ocrx_word' id='word_1_92' title='bbox 234 1572 290 1655; x_wconf 89' lang='lat' dir='ltr'>qui</span> <span class='ocrx_word' id='word_1_93' title='bbox 309 1593 463 1657; x_wconf 89' lang='lat' dir='ltr'>magnum</span> <span class='ocrx_word' id='word_1_94' title='bbox 482 1571 588 1636; x_wconf 88' lang='lat' dir='ltr'>nescio</span> <span class='ocrx_word' id='word_1_95' title='bbox 609 1570 687 1654; x_wconf 90' lang='lat' dir='ltr'>quid</span> <span class='ocrx_word' id='word_1_96' title='bbox 706 1570 828 1654; x_wconf 87' lang='lat' dir='ltr'>afferet,</span> <span class='ocrx_word' id='word_1_97' title='bbox 850 1592 908 1634; x_wconf 91' lang='lat' dir='ltr'>nee</span> <span class='ocrx_word' id='word_1_98' title='bbox 927 1569 1142 1635; x_wconf 78' lang='lat' dir='ltr'>differendam.</span> <span class='ocrx_word' id='word_1_99' title='bbox 1180 1571 1289 1654; x_wconf 91' lang='lat' dir='ltr'>itaque</span> 
     </span>
     <span class='ocr_line' id='line_1_13' title="bbox 136 1676 1290 1761; baseline 0 -20"><span class='ocrx_word' id='word_1_100' title='bbox 136 1678 313 1742; x_wconf 89' lang='lat' dir='ltr'>summotis</span> <span class='ocrx_word' id='word_1_101' title='bbox 346 1677 496 1742; x_wconf 89' lang='lat' dir='ltr'>omnibus</span> <span class='ocrx_word' id='word_1_102' title='bbox 525 1678 558 1740; x_wconf 92' lang='lat' dir='ltr'>in</span> <span class='ocrx_word' id='word_1_103' title='bbox 586 1676 773 1742; x_wconf 89' lang='lat' dir='ltr'>cubiculum</span> <span class='ocrx_word' id='word_1_104' title='bbox 801 1699 834 1742; x_wconf 90' lang='lat' dir='ltr'>se</span> <span class='ocrx_word' id='word_1_105' title='bbox 862 1679 983 1761; x_wconf 87' lang='lat' dir='ltr'>recepit</span> <span class='ocrx_word' id='word_1_106' title='bbox 1010 1681 1106 1761; x_wconf 87' lang='lat' dir='ltr'>atque</span> <span class='ocrx_word' id='word_1_107' title='bbox 1134 1676 1181 1741; x_wconf 92' lang='lat' dir='ltr'>ibi</span> <span class='ocrx_word' id='word_1_108' title='bbox 1209 1677 1290 1741; x_wconf 90' lang='lat' dir='ltr'>occi-</span> 
     </span>
     <span class='ocr_line' id='line_1_14' title="bbox 136 1786 275 1853; baseline -0.022 -4"><span class='ocrx_word' id='word_1_109' title='bbox 136 1805 194 1853; x_wconf 86' lang='lat' dir='ltr'>sus</span> <span class='ocrx_word' id='word_1_110' title='bbox 219 1786 275 1848; x_wconf 89' lang='lat' dir='ltr'>est.</span> 
     </span>
    </p>

    <p class='ocr_par' dir='ltr' id='par_1_5' title="bbox 230 1888 1341 1976">
     <span class='ocr_line' id='line_1_15' title="bbox 230 1888 1341 1976; baseline -0.001 -22"><span class='ocrx_word' id='word_1_111' title='bbox 230 1889 280 1954; x_wconf 93' lang='lat' dir='ltr'>De</span> <span class='ocrx_word' id='word_1_112' title='bbox 302 1890 491 1955; x_wconf 89' lang='lat' dir='ltr'>insidiarum</span> <span class='ocrx_word' id='word_1_113' title='bbox 516 1890 685 1974; x_wconf 81' lang='lat' dir='ltr'>caedisque</span> <span class='ocrx_word' id='word_1_114' title='bbox 703 1899 820 1976; x_wconf 84' lang='lat' dir='ltr'>genere</span> <span class='ocrx_word' id='word_1_115' title='bbox 838 1890 916 1956; x_wconf 90' lang='lat' dir='ltr'>haee</span> <span class='ocrx_word' id='word_1_116' title='bbox 934 1890 1000 1954; x_wconf 89' lang='lat' dir='ltr'>fere</span> <span class='ocrx_word' id='word_1_117' title='bbox 1019 1891 1187 1976; x_wconf 89' lang='lat' dir='ltr'>diuulgata</span> <span class='ocrx_word' id='word_1_118' title='bbox 1206 1888 1341 1956; x_wconf 78' lang='lat' dir='ltr'>sunt.17</span> 
     </span>
    </p>

    <p class='ocr_par' dir='ltr' id='par_1_6' title="bbox 97 1996 1292 2511">
     <span class='ocr_line' id='line_1_16' title="bbox 97 1996 1291 2082; baseline -0.003 -17"><span class='ocrx_word' id='word_1_119' title='bbox 97 2025 125 2068; x_wconf 84' lang='lat' dir='ltr'>m</span> <span class='ocrx_word' id='word_1_120' title='bbox 138 1996 369 2062; x_wconf 78' lang='lat' dir='ltr'>cunctantibus</span> <span class='ocrx_word' id='word_1_121' title='bbox 393 1998 598 2082; x_wconf 88' lang='lat' dir='ltr'>conspiratis,</span> <span class='ocrx_word' id='word_1_122' title='bbox 626 1997 754 2081; x_wconf 87' lang='lat' dir='ltr'>quando</span> <span class='ocrx_word' id='word_1_123' title='bbox 783 2002 815 2061; x_wconf 93' lang='lat' dir='ltr'>et</span> <span class='ocrx_word' id='word_1_124' title='bbox 839 2019 902 2081; x_wconf 91' lang='lat' dir='ltr'>quo</span> <span class='ocrx_word' id='word_1_125' title='bbox 927 1998 1032 2080; x_wconf 88' lang='lat' dir='ltr'>modo,</span> <span class='ocrx_word' id='word_1_126' title='bbox 1055 1997 1089 2062; x_wconf 93' lang='lat' dir='ltr'>id</span> <span class='ocrx_word' id='word_1_127' title='bbox 1112 2002 1161 2062; x_wconf 90' lang='lat' dir='ltr'>est</span> <span class='ocrx_word' id='word_1_128' title='bbox 1182 1997 1291 2062; x_wconf 87' lang='lat' dir='ltr'>lauan-</span> 
     </span>
     <span class='ocr_line' id='line_1_17' title="bbox 139 2101 1291 2189; baseline 0 -20"><span class='ocrx_word' id='word_1_129' title='bbox 139 2109 250 2170; x_wconf 90' lang='lat' dir='ltr'>temne</span> <span class='ocrx_word' id='word_1_130' title='bbox 269 2127 309 2168; x_wconf 92' lang='lat' dir='ltr'>an</span> <span class='ocrx_word' id='word_1_131' title='bbox 329 2108 495 2169; x_wconf 85' lang='lat' dir='ltr'>cenantem</span> <span class='ocrx_word' id='word_1_132' title='bbox 515 2105 774 2188; x_wconf 81' lang='lat' dir='ltr'>adgrederentur,</span> <span class='ocrx_word' id='word_1_133' title='bbox 799 2101 990 2188; x_wconf 81' lang='lat' dir='ltr'>Stephanae,</span> <span class='ocrx_word' id='word_1_134' title='bbox 1013 2103 1200 2168; x_wconf 84' lang='lat' dir='ltr'>Domitillae</span> <span class='ocrx_word' id='word_1_135' title='bbox 1219 2125 1291 2189; x_wconf 90' lang='lat' dir='ltr'>pro-</span> 
     </span>
     <span class='ocr_line' id='line_1_18' title="bbox 139 2211 1290 2304; baseline -0.002 -28"><span class='ocrx_word' id='word_1_136' title='bbox 139 2215 271 2276; x_wconf 85' lang='lat' dir='ltr'>curator</span> <span class='ocrx_word' id='word_1_137' title='bbox 309 2215 341 2276; x_wconf 89' lang='lat' dir='ltr'>et</span> <span class='ocrx_word' id='word_1_138' title='bbox 375 2214 453 2275; x_wconf 90' lang='lat' dir='ltr'>tunc</span> <span class='ocrx_word' id='word_1_139' title='bbox 483 2211 733 2295; x_wconf 86' lang='lat' dir='ltr'>interceptarum</span> <span class='ocrx_word' id='word_1_140' title='bbox 763 2211 973 2304; x_wconf 84' lang='lat' dir='ltr'>pecuniarum</span> <span class='ocrx_word' id='word_1_141' title='bbox 1003 2232 1087 2295; x_wconf 91' lang='lat' dir='ltr'>reus,</span> <span class='ocrx_word' id='word_1_142' title='bbox 1119 2211 1290 2276; x_wconf 90' lang='lat' dir='ltr'>consilium</span> 
     </span>
     <span class='ocr_line' id='line_1_19' title="bbox 139 2309 1291 2404; baseline -0.002 -21"><span class='ocrx_word' id='word_1_143' title='bbox 139 2309 336 2403; x_wconf 86' lang='lat' dir='ltr'>operamque</span> <span class='ocrx_word' id='word_1_144' title='bbox 360 2313 494 2396; x_wconf 86' lang='lat' dir='ltr'>obtulit.¹</span> <span class='ocrx_word' id='word_1_145' title='bbox 534 2340 571 2382; x_wconf 87' lang='lat' dir='ltr'>ac</span> <span class='ocrx_word' id='word_1_146' title='bbox 595 2309 795 2382; x_wconf 87' lang='lat' dir='ltr'>sinisteriore</span> <span class='ocrx_word' id='word_1_147' title='bbox 818 2317 950 2382; x_wconf 92' lang='lat' dir='ltr'>brachio</span> <span class='ocrx_word' id='word_1_148' title='bbox 974 2320 1065 2382; x_wconf 88' lang='lat' dir='ltr'>uelut</span> <span class='ocrx_word' id='word_1_149' title='bbox 1082 2317 1184 2404; x_wconf 71' lang='lat' dir='ltr'>&#39;aegro</span> <span class='ocrx_word' id='word_1_150' title='bbox 1207 2319 1291 2383; x_wconf 87' lang='lat' dir='ltr'>lanis</span> 
     </span>
     <span class='ocr_line' id='line_1_20' title="bbox 139 2425 1292 2511; baseline 0.002 -23"><span class='ocrx_word' id='word_1_151' title='bbox 139 2425 316 2508; x_wconf 87' lang='lat' dir='ltr'>fasciisque</span> <span class='ocrx_word' id='word_1_152' title='bbox 345 2447 403 2510; x_wconf 93' lang='lat' dir='ltr'>per</span> <span class='ocrx_word' id='word_1_153' title='bbox 430 2426 554 2509; x_wconf 87' lang='lat' dir='ltr'>aliquot</span> <span class='ocrx_word' id='word_1_154' title='bbox 583 2425 650 2488; x_wconf 85' lang='lat' dir='ltr'>dies</span> <span class='ocrx_word' id='word_1_155' title='bbox 681 2425 721 2489; x_wconf 92' lang='lat' dir='ltr'>ad</span> <span class='ocrx_word' id='word_1_156' title='bbox 754 2426 959 2489; x_wconf 87' lang='lat' dir='ltr'>auertendam</span> <span class='ocrx_word' id='word_1_157' title='bbox 991 2426 1220 2511; x_wconf 87' lang='lat' dir='ltr'>suspicionem</span> <span class='ocrx_word' id='word_1_158' title='bbox 1237 2426 1292 2490; x_wconf 92' lang='lat' dir='ltr'>ob·</span> 
     </span>
    </p>

    <p class='ocr_par' dir='ltr' id='par_1_7' title="bbox 96 2517 1350 2622">
     <span class='ocr_line' id='line_1_21' title="bbox 96 2517 1350 2622; baseline 0 -24"><span class='ocrx_word' id='word_1_159' title='bbox 96 2557 125 2598; x_wconf 75' lang='lat' dir='ltr'>ro</span> <span class='ocrx_word' id='word_1_160' title='bbox 138 2532 266 2617; x_wconf 88' lang='lat' dir='ltr'>uoluto,</span> <span class='ocrx_word' id='word_1_161' title='bbox 299 2533 358 2598; x_wconf 92' lang='lat' dir='ltr'>sub</span> <span class='ocrx_word' id='word_1_162' title='bbox 392 2532 495 2616; x_wconf 87' lang='lat' dir='ltr'>ipsam</span> <span class='ocrx_word' id='word_1_163' title='bbox 529 2517 641 2597; x_wconf 91' lang='lat' dir='ltr'>horam</span> <span class='ocrx_word' id='word_1_164' title='bbox 672 2532 822 2597; x_wconf 92' lang='lat' dir='ltr'>dolonem</span> <span class='ocrx_word' id='word_1_165' title='bbox 852 2532 1026 2617; x_wconf 81' lang='lat' dir='ltr'>interiecit3</span> <span class='ocrx_word' id='word_1_166' title='bbox 1063 2534 1292 2618; x_wconf 85' lang='lat' dir='ltr'>professusque</span> <span class='ocrx_word' id='word_1_167' title='bbox 1346 2617 1350 2622; x_wconf 25' lang='grc'>1</span> 
     </span>
    </p>
   </div>
   <div class='ocr_carea' id='block_1_3' title="bbox 100 2745 1326 3364">
    <p class='ocr_par' dir='ltr' id='par_1_8' title="bbox 100 2745 1326 3364">
     <span class='ocr_line' id='line_1_22' title="bbox 140 2745 1326 2830; baseline -0.003 -21"><span class='ocrx_word' id='word_1_168' title='bbox 140 2767 160 2809; x_wconf 91' lang='lat' dir='ltr'>a</span> <span class='ocrx_word' id='word_1_169' title='bbox 189 2767 224 2809; x_wconf 88' lang='lat' dir='ltr'>se</span> <span class='ocrx_word' id='word_1_170' title='bbox 252 2745 399 2810; x_wconf 91' lang='lat' dir='ltr'>libellum</span> <span class='ocrx_word' id='word_1_171' title='bbox 427 2750 459 2809; x_wconf 93' lang='lat' dir='ltr'>et</span> <span class='ocrx_word' id='word_1_172' title='bbox 487 2746 625 2811; x_wconf 86' lang='lat' dir='ltr'>attonito</span> <span class='ocrx_word' id='word_1_173' title='bbox 654 2745 788 2809; x_wconf 85' lang='lat' dir='ltr'>suffodit</span> <span class='ocrx_word' id='word_1_174' title='bbox 816 2746 957 2830; x_wconf 81' lang='lat' dir='ltr'>inguina.</span> <span class='ocrx_word' id='word_1_175' title='bbox 1008 2748 1151 2811; x_wconf 91' lang='lat' dir='ltr'>saucium</span> <span class='ocrx_word' id='word_1_176' title='bbox 1181 2769 1218 2811; x_wconf 90' lang='lat' dir='ltr'>ac</span> <span class='ocrx_word' id='word_1_177' title='bbox 1245 2759 1326 2810; x_wconf 78' lang='lat' dir='ltr'>ree</span> 
     </span>
     <span class='ocr_line' id='line_1_23' title="bbox 141 2850 1293 2938; baseline -0.001 -21"><span class='ocrx_word' id='word_1_178' title='bbox 141 2857 342 2938; x_wconf 85' lang='lat' dir='ltr'>pugnantem</span> <span class='ocrx_word' id='word_1_179' title='bbox 370 2853 476 2916; x_wconf 90' lang='lat' dir='ltr'>adorti</span> <span class='ocrx_word' id='word_1_180' title='bbox 506 2850 680 2917; x_wconf 79' lang='lat' dir='ltr'>Clodianus</span> <span class='ocrx_word' id='word_1_181' title='bbox 710 2852 941 2918; x_wconf 87' lang='lat' dir='ltr'>cornicularius</span> <span class='ocrx_word' id='word_1_182' title='bbox 969 2857 1001 2917; x_wconf 92' lang='lat' dir='ltr'>et</span> <span class='ocrx_word' id='word_1_183' title='bbox 1029 2852 1191 2917; x_wconf 86' lang='lat' dir='ltr'>Maximus</span> <span class='ocrx_word' id='word_1_184' title='bbox 1219 2851 1293 2918; x_wconf 88' lang='lat' dir='ltr'>Par-</span> 
     </span>
     <span class='ocr_line' id='line_1_24' title="bbox 141 2957 1294 3042; baseline 0.001 -19"><span class='ocrx_word' id='word_1_185' title='bbox 141 2957 236 3024; x_wconf 90' lang='lat' dir='ltr'>theni</span> <span class='ocrx_word' id='word_1_186' title='bbox 263 2958 398 3023; x_wconf 91' lang='lat' dir='ltr'>libertus</span> <span class='ocrx_word' id='word_1_187' title='bbox 429 2963 462 3023; x_wconf 90' lang='lat' dir='ltr'>et</span> <span class='ocrx_word' id='word_1_188' title='bbox 485 2957 582 3023; x_wconf 85' lang='lat' dir='ltr'>Satur</span> <span class='ocrx_word' id='word_1_189' title='bbox 610 2960 739 3023; x_wconf 89' lang='lat' dir='ltr'>decurio</span> <span class='ocrx_word' id='word_1_190' title='bbox 771 2959 1042 3024; x_wconf 81' lang='lat' dir='ltr'>cubiculariorum</span> <span class='ocrx_word' id='word_1_191' title='bbox 1066 2959 1253 3042; x_wconf 86' lang='lat' dir='ltr'>etquidem</span> <span class='ocrx_word' id='word_1_192' title='bbox 1277 2982 1294 3024; x_wconf 95' lang='lat' dir='ltr'>e</span> 
     </span>
     <span class='ocr_line' id='line_1_25' title="bbox 100 3065 1294 3151; baseline 0 -21"><span class='ocrx_word' id='word_1_193' title='bbox 100 3089 128 3130; x_wconf 77' lang='lat' dir='ltr'>aa</span> <span class='ocrx_word' id='word_1_194' title='bbox 143 3066 337 3151; x_wconf 87' lang='lat' dir='ltr'>gladiatorio</span> <span class='ocrx_word' id='word_1_195' title='bbox 360 3066 438 3130; x_wconf 89' lang='lat' dir='ltr'>ludo</span> <span class='ocrx_word' id='word_1_196' title='bbox 461 3065 651 3130; x_wconf 90' lang='lat' dir='ltr'>uulneribus</span> <span class='ocrx_word' id='word_1_197' title='bbox 671 3071 794 3149; x_wconf 90' lang='lat' dir='ltr'>septem</span> <span class='ocrx_word' id='word_1_198' title='bbox 812 3066 1084 3130; x_wconf 86' lang='lat' dir='ltr'>contrucidarunt.</span> <span class='ocrx_word' id='word_1_199' title='bbox 1125 3087 1214 3150; x_wconf 89' lang='lat' dir='ltr'>puer,</span> <span class='ocrx_word' id='word_1_200' title='bbox 1238 3068 1294 3150; x_wconf 91' lang='lat' dir='ltr'>qui</span> 
     </span>
     <span class='ocr_line' id='line_1_26' title="bbox 144 3153 1294 3256; baseline 0 -20"><span class='ocrx_word' id='word_1_201' title='bbox 144 3194 242 3237; x_wconf 89' lang='lat' dir='ltr'>curae</span> <span class='ocrx_word' id='word_1_202' title='bbox 260 3173 379 3237; x_wconf 90' lang='lat' dir='ltr'>Larum</span> <span class='ocrx_word' id='word_1_203' title='bbox 399 3171 540 3237; x_wconf 89' lang='lat' dir='ltr'>cubiculi</span> <span class='ocrx_word' id='word_1_204' title='bbox 559 3195 598 3236; x_wconf 86' lang='lat' dir='ltr'>ex</span> <span class='ocrx_word' id='word_1_205' title='bbox 618 3155 849 3238; x_wconf 84' lang='lat' dir='ltr'>consuetudine</span> <span class='ocrx_word' id='word_1_206' title='bbox 868 3175 1020 3238; x_wconf 83' lang='lat' dir='ltr'>assistens</span> <span class='ocrx_word' id='word_1_207' title='bbox 1035 3153 1183 3238; x_wconf 85' lang='lat' dir='ltr'>interfuit</span> <span class='ocrx_word' id='word_1_208' title='bbox 1197 3175 1294 3256; x_wconf 87' lang='lat' dir='ltr'>caedi,</span> 
     </span>
     <span class='ocr_line' id='line_1_27' title="bbox 144 3278 1294 3364; baseline 0 -21"><span class='ocrx_word' id='word_1_209' title='bbox 144 3279 209 3344; x_wconf 92' lang='lat' dir='ltr'>hoc</span> <span class='ocrx_word' id='word_1_210' title='bbox 241 3279 379 3364; x_wconf 89' lang='lat' dir='ltr'>amplius</span> <span class='ocrx_word' id='word_1_211' title='bbox 402 3280 566 3360; x_wconf 87' lang='lat' dir='ltr'>narrabat,</span> <span class='ocrx_word' id='word_1_212' title='bbox 598 3281 720 3344; x_wconf 92' lang='lat' dir='ltr'>iussum</span> <span class='ocrx_word' id='word_1_213' title='bbox 755 3301 788 3344; x_wconf 92' lang='lat' dir='ltr'>se</span> <span class='ocrx_word' id='word_1_214' title='bbox 821 3278 1049 3344; x_wconf 89' lang='lat' dir='ltr'>aDomitiano</span> <span class='ocrx_word' id='word_1_215' title='bbox 1082 3281 1123 3345; x_wconf 87' lang='lat' dir='ltr'>ad</span> <span class='ocrx_word' id='word_1_216' title='bbox 1154 3281 1294 3363; x_wconf 92' lang='lat' dir='ltr'>primum</span> 
     </span>
    </p>
   </div>
   <div class='ocr_carea' id='block_1_4' title="bbox 142 3525 1296 3821">
    <p class='ocr_par' dir='ltr' id='par_1_9' title="bbox 142 3525 1296 3821">
     <span class='ocr_line' id='line_1_28' title="bbox 219 3525 1295 3595; baseline 0.002 -17"><span class='ocrx_word' id='word_1_217' title='bbox 219 3531 260 3579; x_wconf 89' lang='grc'>10.</span> <span class='ocrx_word' id='word_1_218' title='bbox 276 3532 318 3580; x_wconf 86' lang='grc'>16.</span> <span class='ocrx_word' id='word_1_219' title='bbox 333 3530 366 3578; x_wconf 76' lang='lat'>23</span> <span class='ocrx_word' id='word_1_220' title='bbox 382 3527 460 3594; x_wconf 83' lang='lat' dir='ltr'>Epit.</span> <span class='ocrx_word' id='word_1_221' title='bbox 476 3531 563 3592; x_wconf 84' lang='lat'><strong><em>11,11</em></strong></span> <span class='ocrx_word' id='word_1_222' title='bbox 577 3525 776 3595; x_wconf 86' lang='lat' dir='ltr'>impulsoribus</span> <span class='ocrx_word' id='word_1_223' title='bbox 790 3526 940 3580; x_wconf 85' lang='lat' dir='ltr'>Parthenio</span> <span class='ocrx_word' id='word_1_224' title='bbox 954 3528 1121 3595; x_wconf 85' lang='lat' dir='ltr'>procurante</span> <span class='ocrx_word' id='word_1_225' title='bbox 1136 3526 1295 3580; x_wconf 89' lang='lat' dir='ltr'>cubiculum</span> 
     </span>
     <span class='ocr_line' id='line_1_29' title="bbox 142 3605 1295 3676; baseline 0.001 -17"><span class='ocrx_word' id='word_1_226' title='bbox 142 3607 175 3659; x_wconf 86' lang='lat' dir='ltr'>et</span> <span class='ocrx_word' id='word_1_227' title='bbox 195 3605 336 3675; x_wconf 87' lang='lat' dir='ltr'>Stephano</span> <span class='ocrx_word' id='word_1_228' title='bbox 361 3609 389 3660; x_wconf 89' lang='lat' dir='ltr'>et</span> <span class='ocrx_word' id='word_1_229' title='bbox 412 3608 473 3660; x_wconf 92' lang='lat' dir='ltr'>tum</span> <span class='ocrx_word' id='word_1_230' title='bbox 492 3607 527 3660; x_wconf 93' lang='lat' dir='ltr'>ob</span> <span class='ocrx_word' id='word_1_231' title='bbox 551 3606 678 3660; x_wconf 87' lang='lat' dir='ltr'>fraudem</span> <span class='ocrx_word' id='word_1_232' title='bbox 701 3607 875 3676; x_wconf 86' lang='lat' dir='ltr'>interceptae</span> <span class='ocrx_word' id='word_1_233' title='bbox 897 3607 1033 3675; x_wconf 86' lang='lat' dir='ltr'>pecuniae</span> <span class='ocrx_word' id='word_1_234' title='bbox 1059 3606 1227 3676; x_wconf 90' lang='lat' dir='ltr'>supplicium</span> <span class='ocrx_word' id='word_1_235' title='bbox 1251 3625 1295 3660; x_wconf 92' lang='lat' dir='ltr'>su-</span> 
     </span>
     <span class='ocr_line' id='line_1_30' title="bbox 142 3685 1296 3756; baseline 0.001 -17"><span class='ocrx_word' id='word_1_236' title='bbox 142 3689 291 3755; x_wconf 87' lang='lat' dir='ltr'>spectante</span> <span class='ocrx_word' id='word_1_237' title='bbox 306 3685 441 3741; x_wconf 82' lang='lat' dir='ltr'>Clodiano</span> <span class='ocrx_word' id='word_1_238' title='bbox 457 3689 506 3755; x_wconf 79' lang='lat' dir='ltr'>(aie</span> <span class='ocrx_word' id='word_1_239' title='bbox 519 3688 601 3741; x_wconf 81' lang='lat' dir='ltr'>etiem</span> <span class='ocrx_word' id='word_1_240' title='bbox 611 3689 753 3756; x_wconf 78' lang='lat' dir='ltr'>Lundolf.)</span> <span class='ocrx_word' id='word_1_241' title='bbox 849 3693 882 3741; x_wconf 81' lang='lat'>25</span> <span class='ocrx_word' id='word_1_242' title='bbox 902 3689 980 3755; x_wconf 79' lang='lat' dir='ltr'>Epit.</span> <span class='ocrx_word' id='word_1_243' title='bbox 995 3693 1039 3751; x_wconf 88' lang='lat'>11,</span> <span class='ocrx_word' id='word_1_244' title='bbox 1054 3692 1090 3741; x_wconf 82' lang='lat'>12</span> <span class='ocrx_word' id='word_1_245' title='bbox 1104 3687 1296 3740; x_wconf 86' lang='lat' dir='ltr'>Domitianum</span> 
     </span>
     <span class='ocr_line' id='line_1_31' title="bbox 143 3766 617 3821; baseline 0.002 -2"><span class='ocrx_word' id='word_1_246' title='bbox 143 3766 243 3820; x_wconf 86' lang='lat' dir='ltr'>multis</span> <span class='ocrx_word' id='word_1_247' title='bbox 261 3766 425 3820; x_wconf 88' lang='lat' dir='ltr'>uulneribus</span> <span class='ocrx_word' id='word_1_248' title='bbox 445 3767 617 3821; x_wconf 89' lang='lat' dir='ltr'>confodiunt.</span> 
     </span>
    </p>
   </div>
   <div class='ocr_carea' id='block_1_5' title="bbox 115 3998 1297 4550">
    <p class='ocr_par' dir='ltr' id='par_1_10' title="bbox 219 3998 1296 4071">
     <span class='ocr_line' id='line_1_32' title="bbox 219 3998 1296 4071; baseline 0.003 -20"><span class='ocrx_word' id='word_1_249' title='bbox 219 3999 291 4052; x_wconf 70' lang='lat' dir='ltr'>tad</span> <span class='ocrx_word' id='word_1_250' title='bbox 310 3999 384 4054; x_wconf 84' lang='lat' dir='ltr'>circa</span> <span class='ocrx_word' id='word_1_251' title='bbox 399 3999 440 4063; x_wconf 89' lang='lat' dir='ltr'>M,</span> <span class='ocrx_word' id='word_1_252' title='bbox 456 3998 493 4051; x_wconf 88' lang='lat' dir='ltr'>ad</span> <span class='ocrx_word' id='word_1_253' title='bbox 510 4000 645 4054; x_wconf 78' lang='lat' dir='ltr'>Graecina</span> <span class='ocrx_word' id='word_1_254' title='bbox 658 4000 694 4053; x_wconf 84' lang='lat' dir='ltr'>al.</span> <span class='ocrx_word' id='word_1_255' title='bbox 766 3998 955 4069; x_wconf 86' lang='lat' dir='ltr'>3prosilierit</span> <span class='ocrx_word' id='word_1_256' title='bbox 969 4001 1084 4071; x_wconf 76' lang='lat' dir='ltr'>Bentley</span> <span class='ocrx_word' id='word_1_257' title='bbox 1157 4005 1189 4054; x_wconf 87' lang='lat'>15</span> <span class='ocrx_word' id='word_1_258' title='bbox 1210 4000 1296 4054; x_wconf 85' lang='lat' dir='ltr'>idest</span> 
     </span>
    </p>

    <p class='ocr_par' dir='ltr' id='par_1_11' title="bbox 144 4077 1296 4232">
     <span class='ocr_line' id='line_1_33' title="bbox 144 4077 1296 4149; baseline 0.003 -18"><span class='ocrx_word' id='word_1_259' title='bbox 144 4077 199 4133; x_wconf 74' lang='lat' dir='ltr'>ner.</span> <span class='ocrx_word' id='word_1_260' title='bbox 218 4079 331 4146; x_wconf 66' lang='lat' dir='ltr'>Bnrn„</span> <span class='ocrx_word' id='word_1_261' title='bbox 354 4080 422 4132; x_wconf 86' lang='lat' dir='ltr'>item</span> <span class='ocrx_word' id='word_1_262' title='bbox 441 4080 556 4133; x_wconf 78' lang='lat' dir='ltr'>Ernesti</span> <span class='ocrx_word' id='word_1_263' title='bbox 637 4085 670 4132; x_wconf 85' lang='lat'>16</span> <span class='ocrx_word' id='word_1_264' title='bbox 690 4080 737 4149; x_wconf 88' lang='lat' dir='ltr'>an]</span> <span class='ocrx_word' id='word_1_265' title='bbox 758 4082 807 4133; x_wconf 91' lang='lat' dir='ltr'>aut</span> <span class='ocrx_word' id='word_1_266' title='bbox 824 4082 880 4146; x_wconf 66' lang='lat' dir='ltr'>Le,</span> <span class='ocrx_word' id='word_1_267' title='bbox 901 4081 961 4134; x_wconf 82' lang='lat' dir='ltr'>aT</span> <span class='ocrx_word' id='word_1_268' title='bbox 1040 4085 1071 4133; x_wconf 82' lang='lat'>19</span> <span class='ocrx_word' id='word_1_269' title='bbox 1092 4080 1225 4134; x_wconf 89' lang='lat' dir='ltr'>obuoluto</span> <span class='ocrx_word' id='word_1_270' title='bbox 1245 4081 1296 4135; x_wconf 91' lang='lat' dir='ltr'>sub</span> 
     </span>
     <span class='ocr_line' id='line_1_34' title="bbox 151 4158 1295 4232; baseline 0.002 -20"><span class='ocrx_word' id='word_1_271' title='bbox 151 4158 377 4228; x_wconf 70' lang='lat' dir='ltr'>GtSalneasins),</span> <span class='ocrx_word' id='word_1_272' title='bbox 397 4159 580 4213; x_wconf 89' lang='lat' dir='ltr'>obuolutamb</span> <span class='ocrx_word' id='word_1_273' title='bbox 596 4161 633 4213; x_wconf 84' lang='lat' dir='ltr'><em>M</em></span> <span class='ocrx_word' id='word_1_274' title='bbox 636 4161 666 4228; x_wconf 79' lang='grc' dir='ltr'>ὃ,</span> <span class='ocrx_word' id='word_1_275' title='bbox 686 4159 820 4214; x_wconf 86' lang='lat' dir='ltr'>obuoluto</span> <span class='ocrx_word' id='word_1_276' title='bbox 840 4160 869 4212; x_wconf 91' lang='lat' dir='ltr'>in</span> <span class='ocrx_word' id='word_1_277' title='bbox 888 4164 927 4226; x_wconf 84' lang='lat' dir='ltr'>X,</span> <span class='ocrx_word' id='word_1_278' title='bbox 951 4159 1085 4214; x_wconf 88' lang='lat' dir='ltr'>obuoluto</span> <span class='ocrx_word' id='word_1_279' title='bbox 1105 4161 1141 4213; x_wconf 89' lang='lat' dir='ltr'>ad</span> <span class='ocrx_word' id='word_1_280' title='bbox 1158 4164 1183 4214; x_wconf 82' lang='grc' dir='ltr'><strong><em>Τ</em></strong></span> <span class='ocrx_word' id='word_1_281' title='bbox 1200 4163 1295 4232; x_wconf 54' lang='lat' dir='ltr'>(nnn.)</span> 
     </span>
    </p>

    <p class='ocr_par' dir='ltr' id='par_1_12' title="bbox 115 4239 1297 4550">
     <span class='ocr_line' id='line_1_35' title="bbox 115 4239 1297 4308; baseline 0.005 -20"><span class='ocrx_word' id='word_1_282' title='bbox 115 4241 120 4248; x_wconf 86' lang='grc'><em>“</em></span> <span class='ocrx_word' id='word_1_283' title='bbox 149 4242 183 4290; x_wconf 79' lang='lat'>20</span> <span class='ocrx_word' id='word_1_284' title='bbox 202 4239 332 4298; x_wconf 87' lang='lat' dir='ltr'>dolonem</span> <span class='ocrx_word' id='word_1_285' title='bbox 347 4240 505 4304; x_wconf 78' lang='lat' dir='ltr'>Ferrarius,</span> <span class='ocrx_word' id='word_1_286' title='bbox 520 4239 616 4293; x_wconf 88' lang='lat' dir='ltr'>dolum</span> <span class='ocrx_word' id='word_1_287' title='bbox 630 4243 665 4306; x_wconf 76' lang='lat' dir='ltr'>a,</span> <span class='ocrx_word' id='word_1_288' title='bbox 685 4239 749 4293; x_wconf 92' lang='lat' dir='ltr'>dolo</span> <span class='ocrx_word' id='word_1_289' title='bbox 765 4244 782 4294; x_wconf 78' lang='lat' dir='ltr'>d</span> <span class='ocrx_word' id='word_1_290' title='bbox 801 4248 806 4255; x_wconf 89' lang='grc'><em>“</em></span> <span class='ocrx_word' id='word_1_291' title='bbox 855 4247 889 4293; x_wconf 80' lang='grc'>24</span> <span class='ocrx_word' id='word_1_292' title='bbox 908 4243 936 4293; x_wconf 87' lang='lat' dir='ltr'>et</span> <span class='ocrx_word' id='word_1_293' title='bbox 951 4242 1028 4294; x_wconf 87' lang='lat' dir='ltr'>satur</span> <span class='ocrx_word' id='word_1_294' title='bbox 1045 4241 1096 4308; x_wconf 78' lang='lat' dir='ltr'>Gt,</span> <span class='ocrx_word' id='word_1_295' title='bbox 1116 4242 1158 4294; x_wconf 89' lang='lat' dir='ltr'>est</span> <span class='ocrx_word' id='word_1_296' title='bbox 1176 4243 1297 4295; x_wconf 77' lang='lat' dir='ltr'>stratur</span> 
     </span>
     <span class='ocr_line' id='line_1_36' title="bbox 150 4318 1297 4390; baseline 0.002 -18"><span class='ocrx_word' id='word_1_297' title='bbox 150 4318 246 4385; x_wconf 85' lang='lat' dir='ltr'>MLP,</span> <span class='ocrx_word' id='word_1_298' title='bbox 265 4321 307 4372; x_wconf 89' lang='lat' dir='ltr'>est</span> <span class='ocrx_word' id='word_1_299' title='bbox 325 4322 354 4372; x_wconf 85' lang='lat' dir='ltr'>et</span> <span class='ocrx_word' id='word_1_300' title='bbox 373 4320 493 4373; x_wconf 88' lang='lat' dir='ltr'>saturius</span> <span class='ocrx_word' id='word_1_301' title='bbox 511 4319 541 4385; x_wconf 86' lang='lat'>0,</span> <span class='ocrx_word' id='word_1_302' title='bbox 560 4321 589 4374; x_wconf 88' lang='lat' dir='ltr'>et</span> <span class='ocrx_word' id='word_1_303' title='bbox 608 4321 728 4373; x_wconf 86' lang='lat' dir='ltr'>saturius</span> <span class='ocrx_word' id='word_1_304' title='bbox 746 4318 782 4373; x_wconf 80' lang='lat' dir='ltr'>Y&#39;</span> <span class='ocrx_word' id='word_1_305' title='bbox 797 4319 890 4390; x_wconf 62' lang='lat' dir='ltr'>(ecidit</span> <span class='ocrx_word' id='word_1_306' title='bbox 917 4321 988 4374; x_wconf 83' lang='lat' dir='ltr'>idern</span> <span class='ocrx_word' id='word_1_307' title='bbox 1005 4327 1037 4374; x_wconf 91' lang='lat' dir='ltr'>nt</span> <span class='ocrx_word' id='word_1_308' title='bbox 1055 4323 1166 4390; x_wconf 81' lang='lat' dir='ltr'>nidetnr</span> <span class='ocrx_word' id='word_1_309' title='bbox 1184 4320 1297 4390; x_wconf 85' lang='lat' dir='ltr'>Sigerus</span> 
     </span>
     <span class='ocr_line' id='line_1_37' title="bbox 146 4400 1297 4471; baseline 0.002 -19"><span class='ocrx_word' id='word_1_310' title='bbox 146 4407 264 4454; x_wconf 73' lang='lat' dir='ltr'>meatur</span> <span class='ocrx_word' id='word_1_311' title='bbox 291 4400 367 4468; x_wconf 76' lang='lat' dir='ltr'>apeed</span> <span class='ocrx_word' id='word_1_312' title='bbox 391 4401 510 4454; x_wconf 80' lang='lat' dir='ltr'>Dionem</span> <span class='ocrx_word' id='word_1_313' title='bbox 529 4405 623 4465; x_wconf 83' lang='lat'>67,15</span> <span class='ocrx_word' id='word_1_314' title='bbox 643 4401 680 4454; x_wconf 85' lang='lat' dir='ltr'>ol.</span> <span class='ocrx_word' id='word_1_315' title='bbox 807 4407 840 4454; x_wconf 81' lang='grc'>26</span> <span class='ocrx_word' id='word_1_316' title='bbox 870 4418 934 4454; x_wconf 89' lang='lat' dir='ltr'>arae</span> <span class='ocrx_word' id='word_1_317' title='bbox 963 4402 1077 4455; x_wconf 83' lang='lat' dir='ltr'>Ernesti</span> <span class='ocrx_word' id='word_1_318' title='bbox 1100 4403 1202 4471; x_wconf 83' lang='lat' dir='ltr'>(Roth),</span> <span class='ocrx_word' id='word_1_319' title='bbox 1231 4419 1297 4456; x_wconf 89' lang='lat' dir='ltr'>cura</span> 
     </span>
     <span class='ocr_line' id='line_1_38' title="bbox 148 4477 1296 4550; baseline 0.003 -19"><span class='ocrx_word' id='word_1_320' title='bbox 148 4477 179 4532; x_wconf 83' lang='lat'>0.</span> <span class='ocrx_word' id='word_1_321' title='bbox 193 4479 346 4537; x_wconf 60' lang='lat' dir='ltr'>GssMatller.</span> <span class='ocrx_word' id='word_1_322' title='bbox 447 4497 528 4536; x_wconf 86' lang='lat' dir='ltr'>curae</span> <span class='ocrx_word' id='word_1_323' title='bbox 552 4479 653 4534; x_wconf 87' lang='lat' dir='ltr'>larium</span> <span class='ocrx_word' id='word_1_324' title='bbox 677 4479 813 4534; x_wconf 89' lang='lat' dir='ltr'>cubiculis</span> <span class='ocrx_word' id='word_1_325' title='bbox 832 4481 897 4550; x_wconf 76' lang='lat' dir='ltr'>HQ,</span> <span class='ocrx_word' id='word_1_326' title='bbox 922 4479 1155 4535; x_wconf 88' lang='lat' dir='ltr'>cubiculariorum</span> <span class='ocrx_word' id='word_1_327' title='bbox 1179 4482 1296 4550; x_wconf 76' lang='lat' dir='ltr'>cubilip</span> 
     </span>
    </p>
   </div>
   <div class='ocr_carea' id='block_1_6' title="bbox 0 0 1571 5102">
    <p class='ocr_par' dir='ltr' id='par_1_13' title="bbox 0 0 1571 5102">
     <span class='ocr_line' id='line_1_39' title="bbox 0 0 1571 5102; baseline 0 0"><span class='ocrx_word' id='word_1_328' title='bbox 0 0 1571 5102; x_wconf 95' lang='lat' dir='ltr'> </span> 
     </span>
    </p>
   </div>
  </div>
 </body>
</html>
