3108 5102
4 4659 11 4695 l

591 365 688 420 OTHO
708 377 774 427 [cm.
789 378 851 430 6-8]
1228 367 1295 434 289

146 529 185 591 ab
210 529 321 594 infima
343 529 438 614 plebe
468 529 648 614 appellatus
670 527 758 594 Nero
786 531 911 594 nullum
940 529 1095 594 indicium
1118 532 1296 596 recusantis

145 635 242 719 dedit,
266 636 374 720 immo,
400 640 437 700 ut
461 637 592 720 quidam
616 637 830 720 tradiderunt,
857 638 954 701 etiam
978 636 1207 722 diplomatibus
1231 640 1296 722 pri·

145 744 271 826 misque
303 744 451 828 epistulis
489 745 555 808 suis
587 743 627 806 ad
665 743 819 827 quosdam
856 744 1096 828 prouinciarum
1133 745 1294 829 praesides

144 848 283 914 Neronis
307 871 486 934 cognomen
509 850 634 915 adiecit.
675 855 759 914 certe
783 852 815 914 et
838 851 1203 935 imaginesstatuasque
1227 853 1294 914 eius

117 955 259 1040 creponi
289 979 403 1040 passus
433 961 482 1021 est
512 961 543 1021 et
573 961 795 1040 procuratores
826 961 923 1040 atque
951 957 1086 1022 libertos
1117 958 1156 1022 ad
1185 958 1294 1022 eadem

146 1063 253 1126 officia
271 1065 445 1148 reuocauit,
463 1085 523 1128 nec
543 1065 714 1147 quicquam
733 1064 823 1148 prius
841 1087 901 1147 pro
925 1069 1083 1148 potestate
1103 1064 1295 1149 subscripsit

145 1191 242 1252 quam
266 1171 469 1256 quingenties
489 1172 673 1236 sestertium
696 1172 737 1234 ad
758 1172 972 1256 peragendam
990 1171 1130 1236 Auream
1154 1171 1293 1236 domum.

233 1276 361 1341 Dicitur
380 1300 417 1342 ea
435 1283 529 1342 nocte
544 1301 602 1362 per
620 1279 760 1362 quietem
774 1278 962 1362 pauefactus
977 1279 1117 1363 gemitus
1136 1280 1293 1343 maximos
1313 1295 1328 1341 a

145 1383 279 1448 edidisse
298 1389 508 1469 repertusque
528 1408 546 1449 a
561 1385 825 1451 concursantibus
843 1385 934 1450 humi
958 1390 1031 1450 ante
1048 1386 1168 1449 lectum
1187 1385 1292 1451 iacens

103 1514 130 1552 re
144 1513 202 1573 per
225 1493 334 1556 omnia
357 1492 558 1576 piaculorum
582 1513 698 1578 genera
716 1492 827 1556 Manes
848 1491 978 1576 Galbae,
1001 1515 1020 1556 a
1043 1514 1107 1576 quo
1131 1492 1293 1556 deturbari

144 1597 325 1682 expellique
349 1621 382 1663 se
407 1599 546 1682 uiderat,¹
572 1599 748 1683 propitiare
771 1603 959 1684 temptasse,
986 1599 1142 1683 postridie
1166 1621 1294 1682 quoque

143 1704 178 1767 in
201 1705 388 1790 augurando
416 1709 607 1788 tempestate
635 1710 705 1769 orta
733 1707 876 1790 grauiter
905 1708 1092 1790 prolapsum
1119 1705 1293 1770 identidem

144 1809 416 1877 obmurmurasse:

419 1923 454 1983 τί
474 1921 537 2004 γάρ
561 1943 618 2002 μοι
641 1918 695 1984 καὶ
719 1930 857 2005 μακροῖς
880 1920 1010 1996 aurora

102 2047 127 2086 ιο
233 2024 301 2089 Sub
325 2026 410 2090 idem
433 2047 511 2090 uero
534 2029 662 2110 tempus
687 2025 920 2091 Germaniciani
945 2027 1103 2090 exercitus
1127 2027 1161 2090 in
1179 2024 1330 2090 Vitelli8

143 2132 241 2196 uerba
261 2134 411 2202 iurarent.
454 2133 594 2217 quodni
616 2134 781 2216 comperit,
804 2135 916 2197 auctor
934 2132 1059 2196 senatui
1078 2133 1141 2196 fuit
1163 2133 1291 2197 mitten-

142 2239 201 2302 dae
224 2240 409 2324 legationis,
434 2261 514 2322 quae
538 2240 665 2306 doceret
689 2239 825 2304 electum
849 2239 912 2304 iam
935 2239 1126 2323 principem,
1150 2240 1291 2322 quietem

142 2346 410 2429 concordiamque
430 2346 589 2430 suaderet3
613 2351 644 2411 et
667 2349 775 2411 tamen
798 2368 855 2431 per
873 2346 1088 2410 internuntios
1107 2368 1144 2410 ac
1166 2348 1291 2411 litteras

142 2457 325 2516 consortem
362 2453 489 2538 imperii
522 2475 738 2538 generumque
774 2476 807 2517 se
838 2452 971 2515 Vitellio
1002 2453 1130 2536 optulit.
1178 2476 1290 2518 uerum

99 2581 127 2619 ac
141 2559 228 2622 haud
259 2560 356 2623 dubio
388 2559 473 2624 bello
504 2561 633 2642 iamque
664 2559 799 2624 ducibus
827 2564 859 2624 et
887 2560 1002 2644 copiis,
1033 2582 1111 2643 quae
1139 2559 1291 2624 Vitellius

141 2666 364 2750 praemiserat,
401 2666 737 2750 appropinquantibus
770 2667 911 2732 animum
949 2667 1109 2749 fidemque
1145 2688 1221 2750 erga
1258 2689 1290 2730 se

141 2773 419 2856 praetorianorum
438 2795 540 2857 paene
554 2774 770 2838 internecione
789 2773 981 2858 amplissimi
1001 2773 1121 2837 ordinis
1141 2777 1290 2857 expertus

142 2883 200 2942 est.
242 2879 301 2964 [et]
327 2881 491 2962 placuerat
514 2902 572 2963 per
595 2879 775 2944 classiarios
798 2901 887 2942 arma
914 2879 1081 2943 transferri
1105 2880 1324 2963 remittiquen

142 2986 295 3070 nauibus3
319 3008 356 3050 ea
379 3009 450 3051 cum
476 2987 646 3050 incastris
671 2986 878 3050 subnectam
902 2990 1133 3070 promerentur,
1157 2986 1289 3051 insidias

100 3113 126 3152 25
143 3093 272 3176 quidam
305 3094 460 3177 suspicati
488 3093 664 3158 tumultum
690 3095 922 3177 excitauerunt3
952 3115 989 3157 ac
1018 3097 1148 3176 repente
1180 3115 1289 3156 omnes

139 3199 231 3264 nullo
264 3203 351 3264 oerto
385 3200 464 3265 duee
501 3201 535 3264 in
566 3199 726 3264 Palatium
760 3203 967 3264 cucurrerunt
1000 3199 1126 3263 caedem
1161 3204 1289 3264 senatus

140 3307 333 3392 flagitantes,
363 3307 564 3391 repulsisque
591 3307 794 3372 tribunorum
820 3307 875 3390 qui
905 3305 1050 3370 inhibere
1080 3307 1289 3390 temptabant,

214 3469 246 3517 15
266 3466 384 3533 Eutrop.
406 3465 553 3530 V1117,3
573 3481 635 3518 cum
655 3465 746 3517 isdem
764 3465 945 3533 temporibus,
964 3463 1066 3531 quibus
1081 3462 1154 3517 Otho
1170 3463 1289 3518 Galbam

139 3544 291 3610 occiderat,
307 3544 393 3598 etiam
408 3544 540 3598 Vitellius
554 3545 647 3598 factus
662 3548 735 3598 esset
750 3559 766 3596 a
781 3543 1003 3598 Germanicianis
1018 3544 1186 3598 exercitibus
1201 3544 1289 3614 impe-

138 3628 225 3678 rator.
268 3625 343 3679 Oros.
365 3625 426 3678 VII
437 3629 497 3692 8,6
520 3641 583 3678 cum
602 3666 609 3679 .
626 3667 630 3677 .
648 3667 652 3677 .
673 3625 826 3680 inuasisset
848 3625 997 3694 imperium
1021 3641 1054 3678 ac
1076 3641 1142 3679 mox
1164 3626 1289 3679 creatum

138 3706 338 3774 imperatorem
356 3704 386 3757 in
406 3703 500 3758 Gallia
518 3721 569 3773 per
588 3704 769 3758 Germanicae
791 3705 915 3775 legiones
936 3704 1081 3758 Vitellium
1101 3705 1288 3774 comperisset.

210 3862 226 3909 9
238 3855 413 3924 repertisque
425 3857 478 3910 Md
533 3856 764 3910 conuersantibus
774 3860 803 3909 X
842 3862 873 3909 12
889 3855 1066 3925 prolapsusT
1078 3857 1122 3924 (os.
1131 3859 1290 3926 p.292,17)

139 3945 172 3990 14
192 3937 290 3998 αὐλοῖς
304 3953 320 3996 ς
335 3937 405 4006 (Dio
420 3940 464 4002 64,
480 3941 497 3990 7
515 3935 542 3990 τί
561 3936 614 4006 γάρ
629 3955 662 4006 με
677 3937 734 3992 ἔδει
748 3946 865 4006 μακροῖς
883 3938 979 3998 αὐλοῖς
997 3937 1112 4005 αὐλεῖν),
1131 3937 1289 3992 ΔΟΥΛΟΙ(

139 4020 182 4084 Μ,
202 4017 386 4070 ΛΔΟΥΛΟΙΟ
403 4017 437 4084 G,
452 4018 604 4073 norsolc
619 4018 647 4085 S,
666 4018 822 4072 eoraolc
837 4019 921 4087 (bllc
938 4019 971 4086 Τ)
987 4016 1046 4084 LY,
1066 4016 1180 4079 ἀσύλοις
1193 4034 1218 4082 ς,
1237 4033 1288 4070 om.

137 4099 193 4153 PT
264 4101 297 4150 15
313 4096 528 4165 germanicianii
538 4099 576 4151 Μ
577 4098 638 4163 GR,
653 4096 847 4166 germaniciX
916 4102 948 4150 16
963 4095 1070 4150 iurauit
1079 4097 1114 4163 L,
1133 4096 1228 4151 iurant
1238 4097 1289 4152 ΡΟ

139 4183 171 4232 18
192 4177 427 4246 concordiamque
440 4178 523 4244 Md,
552 4179 581 4230 et
600 4177 782 4246 concordiam¹
802 4178 931 4246 Medd),
960 4177 1138 4230 concordiam
1157 4179 1212 4244 rel,
1239 4175 1287 4232 del.

139 4259 172 4312 G.
184 4259 288 4312 Becker
307 4259 351 4327 (οἰ.
367 4259 461 4312 Herm.
477 4262 513 4312 40
523 4275 553 4326 p.
570 4258 634 4325 182)
694 4263 729 4311 20
748 4256 804 4311 hau
823 4257 871 4312 M¹
930 4262 963 4310 22
983 4257 1288 4336 internectioneLPl¹

137 4339 260 4392 -nitione
279 4338 330 4393 ΒΗ
399 4344 433 4392 23
454 4341 497 4392 est
515 4339 606 4409 onae
687 4341 716 4392 et
735 4338 784 4392 aa.
804 4340 880 4392 Torr.
899 4340 960 4406 (om'.
976 4336 1031 4406 ςέ),
1050 4336 1154 4391 etenim
1164 4337 1289 4406 Libetur,

138 4419 251 4488 quando
273 4419 439 4485 Glareanus,
464 4419 490 4472 ei
508 4420 642 4474 Brtcbeler
713 4418 913 4487 praemittique
933 4418 1095 4486 Stephanus,
1121 4417 1289 4486 demittique
1350 4425 1352 4430 '

141 4500 210 4554 Oud.
285 4505 319 4551 24
337 4502 546 4569 pmerenturY

192 4597 329 4639 svaronrvs
343 4599 377 4638 ed.
391 4599 459 4638 Ihm.
485 4600 504 4638 1.
1040 4592 1072 4639 19
