3108 5102
274 422 341 486 326
625 421 653 477 C.
674 422 831 478 SVETONI
850 423 1072 488 TRANQVILLI

274 586 448 672 summa[e']
486 587 662 652 industriae
699 609 758 652 nec
794 587 918 651 minore
951 588 1169 674 modestiae[t]
1203 589 1301 671 fama,
1338 590 1414 654 sicut

274 698 408 777 apparet
438 697 616 758 statuarum
648 697 679 758 et
709 694 884 779 imaginum
914 694 982 759 eius
1012 695 1220 760 multitudine
1251 718 1287 761 ac
1317 697 1414 760 titulis

273 820 331 884 per
353 804 522 885 utramque
545 800 754 884 prouinciam.

238 924 254 970 a
363 906 443 972 Post
467 908 627 992 stipendia
649 908 721 971 foro
746 931 876 992 operam
895 909 982 973 dedit
1005 910 1173 974 honestam
1198 909 1302 995 magis
1326 932 1418 994 quam

274 1014 447 1098 assiduam,
470 1016 645 1098 eodemque
667 1020 813 1098 tempore
836 1013 1021 1080 Arrecinam
1047 1015 1234 1100 Tertullam,
1258 1021 1349 1099 patre
1372 1039 1417 1100 eq.
1443 1043 1452 1080 ⁵
1537 1013 1538 1020 '

273 1119 311 1184 R.
341 1119 396 1186 sed
424 1122 586 1206 praefacio
616 1122 778 1205 quondam
807 1123 1082 1206 praetorianarum
1106 1121 1302 1208 cohortium,
1331 1124 1419 1187 duxit

274 1250 407 1292 uxorem
437 1232 469 1292 et
496 1230 529 1293 in
554 1229 724 1293 defunctae
750 1228 858 1293 locum
881 1228 1036 1294 Marciam
1060 1229 1238 1294 Furnillam
1263 1230 1419 1315 splendidi

273 1335 414 1420 generis,
438 1357 510 1399 cum
535 1358 600 1419 qua
623 1335 750 1399 sublata
772 1336 841 1400 filia
864 1336 1038 1400 diuortium
1065 1336 1148 1402 lecit.

238 1457 253 1504 a
362 1440 413 1506 Ex
444 1447 633 1526 quaesturae
661 1442 775 1506 deinde
801 1442 924 1507 honore
951 1443 1073 1528 legioni
1101 1445 1305 1527 praepositus
1334 1443 1420 1508 Tari-

274 1549 387 1614 chaeas
411 1553 444 1613 et
467 1547 633 1613 Gamalam
657 1549 752 1612 urbes
775 1547 911 1613 Iudaeae
933 1550 1147 1613 ualidissimas
1170 1550 1203 1613 in
1227 1555 1418 1634 potestatem
1435 1577 1457 1614 ιο

274 1655 411 1741 redegit,
444 1677 526 1739 equo
556 1655 693 1740 quadam
720 1657 788 1720 acie
817 1656 876 1720 sub
904 1655 1078 1721 feminibus
1106 1658 1225 1721 amisso
1255 1660 1420 1742 alteroque

274 1763 429 1845 inscenso,
453 1763 544 1829 cuius
566 1766 673 1827 rector
697 1763 780 1827 circa
803 1785 837 1827 se
861 1763 1015 1828 dimicans
1039 1763 1241 1829 occubuerat.

225 1869 246 1934 5
363 1868 464 1934 Galba
485 1892 562 1934 mox
585 1874 714 1934 tenente
737 1892 803 1934 rem
829 1894 858 1954 p.
882 1872 999 1934 missus
1023 1872 1063 1934 ad
1085 1872 1323 1956 gratulandum,
1347 1895 1419 1956 qua·

276 1999 339 2060 qua
369 1978 431 2040 iret
461 1978 621 2041 conuertit
650 1978 811 2058 homines,
847 1978 941 2060 quasi
971 1978 1154 2061 adoptionis
1187 1980 1292 2064 gratia
1322 2001 1419 2044 arces-

273 2088 403 2147 seretnr.
442 2084 496 2148 sed
515 2083 572 2148 ubi
592 2084 716 2148 turbari
739 2106 850 2148 rursus
870 2088 984 2148 cuncta
1002 2085 1112 2167 sensit,
1135 2085 1219 2149 redit
1238 2107 1277 2148 ex
1297 2087 1419 2169 itinere,
1434 2111 1456 2149 ιε,
1537 2141 1538 2170 ,

273 2191 425 2274 aditoque
450 2189 593 2274 Paphiae
616 2190 751 2254 Veneris
780 2191 910 2254 oraculo
916 2241 925 2272 ,
953 2191 1029 2254 dnm
1053 2191 1092 2254 de
1114 2192 1324 2277 nauigatione
1349 2214 1419 2256 con-

235 2315 250 2362 2
274 2299 360 2381 sulit,
384 2299 481 2361 etiam
505 2298 543 2361 de
567 2298 695 2380 imperii
714 2318 770 2379 spe
790 2298 997 2361 confirmatus
1016 2301 1072 2361 est.
1115 2299 1205 2362 cuius
1225 2299 1318 2362 breui
1338 2321 1419 2364 com-

270 2427 329 2488 pos
358 2409 390 2468 et
418 2405 458 2469 ad
486 2404 735 2488 perdomandam
760 2401 909 2467 Iudaeam
939 2405 1078 2487 relictus,
1106 2405 1283 2470 nouissima
1306 2405 1419 2470 Hiero-

271 2513 470 2594 solymorum
508 2511 750 2595 oppugnatione
787 2510 955 2576 duodecim
993 2515 1251 2596 propugnatores
1283 2513 1418 2577 totidem

271 2617 462 2701 sagittarum
482 2618 620 2682 confecit
644 2616 771 2700 ictibus,
794 2619 944 2701 cepitque
964 2639 1000 2681 ea
1017 2617 1119 2682 natali
1136 2617 1222 2683 filiae
1237 2641 1313 2684 suae
1328 2623 1418 2684 tanto
1433 2647 1457 2685 ro
1535 2627 1536 2638 ¹

270 2723 411 2787 militum
432 2725 550 2810 gaudio
569 2747 605 2789 ac
623 2725 743 2807 fanore,
762 2730 798 2788 ut
818 2725 851 2786 in
870 2724 1085 2810 gratulatione
1104 2727 1332 2809 imperatorem
1347 2749 1418 2791 eum

273 2829 546 2894 consalutauerint
575 2835 607 2894 et
635 2831 769 2894 subinde
793 2830 998 2895 decedentem
1021 2832 1189 2915 prouincia
1213 2832 1417 2915 detinuerint,

342 2994 355 3041 1
376 2991 410 3056 cf.
422 2989 540 3060 Eutrop.
557 2990 698 3053 V1121,1
718 2987 958 3054 bellicosissimus,
968 2989 1218 3043 moderatissimus.
1274 2995 1308 3043 18
1329 2991 1418 3046 Victor

270 3069 345 3123 Coeo.
360 3074 432 3136 9,10
450 3069 602 3138 Indaeique
622 3070 663 3136 (ia
677 3085 774 3138 pacem
793 3070 889 3137 cocae)
909 3069 1056 3123 annitente
1069 3067 1210 3136 filio'I'ito‚
1230 3086 1315 3138 quem
1328 3072 1417 3124 trane-

269 3149 399 3218 grediens
419 3151 448 3203 in
462 3150 575 3203 Italiam
593 3148 747 3217 reliquerat
761 3151 892 3202 externae
906 3149 1034 3204 militiae.
1070 3151 1144 3205 Orco.
1161 3150 1223 3205 VH
1236 3155 1289 3216 9,3
1308 3151 1416 3206 relicto-

269 3245 324 3297 que
342 3229 372 3283 in
387 3230 485 3284 castris
500 3231 536 3283 ad
551 3229 777 3298 procurationem
796 3228 951 3282 obsidionis
965 3229 1222 3298 Hierosolymorum
1237 3230 1295 3284 filio
1310 3230 1382 3284 Tito.

269 3315 302 3363 18
314 3326 373 3376 sqq.
392 3311 511 3379 Eutrop.
529 3311 590 3364 VII
598 3313 673 3377 21,2
695 3309 725 3362 in
749 3309 961 3378 oppugnatione
979 3309 1239 3379 Hierusolymorum
1262 3311 1315 3364 sub
1337 3314 1416 3380 patre

267 3389 394 3443 militans
414 3391 562 3445 duodecim
581 3391 802 3459 propugnatores
822 3389 971 3442 duodecim
990 3391 1158 3460 sagittarum
1182 3391 1297 3446 confixit
1315 3391 1416 3446 ictibus

269 3468 442 3539 (ἰσαρίθμοις
461 3469 550 3542 βέλεσι
573 3472 689 3538 Paeon.)
785 3477 813 3522 21
850 3470 924 3524 Oros.
942 3465 1004 3526 VII
1017 3475 1071 3536 9,6
1099 3471 1180 3524 Titus
1203 3471 1359 3539 imperator
1381 3472 1415 3525 ab

268 3550 392 3604 exercitu
410 3551 618 3619 pronuntiatus.

340 3699 353 3746 1
374 3711 482 3747 summa
500 3694 657 3747 industriae
672 3726 704 3732 —
720 3692 875 3747 modestiae
894 3694 971 3746 fama
990 3713 1006 3754 ς
1024 3694 1093 3764 (edd.
1111 3712 1156 3762 pr.
1172 3696 1271 3764 Rom),
1291 3711 1416 3750 summae

267 3773 424 3827 industriae
451 3776 569 3842 (summa
595 3773 735 3826 industria
755 3773 838 3844 H¹Qs
857 3776 944 3844 culp.)
964 3775 1156 3848 -modestia
1182 3778 1211 3828 et
1231 3774 1309 3828 fama
1327 3778 1354 3828 Ω
1379 3778 1416 3842 (et

267 3853 344 3907 fama
363 3870 413 3908 om.
430 3856 473 3924 N)
565 3857 629 3908 2et
648 3860 711 3908 ante
730 3856 887 3907 statuarum
906 3853 970 3906 odd.
990 3857 1014 3906 Τ
1033 3855 1128 3924 (culp.)
1221 3855 1415 3908 5Arrecinam

269 3935 351 3999 Rota,
376 3934 548 3988 adrecidiam
568 3938 634 4003 (arr-
655 3937 721 4004 HR)
740 3937 767 3987 a
855 3933 998 3989 tertullam
1017 3939 1051 4000 X,
1075 3933 1221 3988 tertullum
1241 3937 1284 4000 M,
1303 3935 1416 3988 tertullo

269 4014 340 4068 GTd
432 4014 528 4085 tsed]
548 4015 597 4068 sed
616 4015 651 4068 de
671 4016 736 4081 HR,
755 4017 853 4068 natam
872 4015 968 4069 sedT
1057 4013 1236 4068 rfuruillam
1255 4016 1312 4069 Μ’
1326 4023 1352 4071 et
1366 4033 1416 4085 pro

267 4112 295 4147 a.
311 4095 328 4147 l.
339 4093 389 4160 11¹,
408 4093 563 4147 furmillam
577 4097 607 4160 Y,
627 4095 778 4154 fuluiamr
850 4095 922 4148 9Ex
937 4095 1026 4150 om.G
1093 4094 1200 4165 legioni
1211 4095 1272 4165 HQ,
1285 4095 1416 4166 religioni

268 4176 327 4242 (-ne
337 4175 374 4243 R)
389 4176 461 4239 MR,
476 4194 494 4226 x
507 4173 614 4244 legioni
626 4175 652 4229 G
665 4175 711 4245 (G.
723 4175 844 4244 Becher),
858 4173 967 4242 regioni
981 4179 1010 4226 X
1078 4173 1248 4228 Tarichaeas
1263 4175 1381 4246 (chicce
1392 4195 1415 4244 ς,

267 4253 364 4306 -cheas
381 4255 506 4320 (Malaca,
525 4254 615 4309 -chias
626 4257 751 4326 Bentley,
770 4254 882 4309 -cheam
891 4255 929 4308 H.
937 4256 1102 4324 Barbarus),
1120 4256 1280 4309 thraciaett
1295 4257 1415 4326 (thacias

269 4333 303 4399 G,
322 4334 445 4387 trachias
461 4336 527 4404 HR)
604 4341 637 4389 12
657 4352 772 4390 ascenso
795 4336 881 4406 (Mos.
901 4337 955 4389 Iol.
972 4338 1017 4404 61)
1094 4338 1192 4390 uector
1210 4336 1347 4390 Heinsius

267 4415 365 4466 contra
384 4430 413 4467 sc
433 4434 449 4473 ς
468 4415 536 4483 (edd.
548 4416 650 4485 princ,
669 4417 755 4486 culp.)
831 4422 863 4469 15
883 4415 968 4470 rediit
985 4418 1010 4468 Ῥ
1080 4420 1113 4466 20
1133 4415 1247 4469 confixit
1260 4417 1380 4486 Eutrop.

267 4509 301 4548 ea
316 4496 359 4559 M,
378 4509 440 4547 eam
457 4496 504 4548 rel.
594 4501 627 4548 22
647 4496 843 4549 consalutauef
864 4498 906 4562 M,
925 4497 1040 4549 -uernnt
1054 4499 1085 4549 Π
1088 4497 1095 4525 ¹
1181 4495 1359 4550 detenuerint
1373 4499 1413 4564 M,

266 4573 398 4627 detinuei
410 4574 479 4628 L¹P
