3142 5112
256 347 297 410 72
606 344 633 398 Ο.
654 345 811 400 SVETONI
828 345 1051 410 TRANQVILLI

254 511 334 573 dem
350 509 552 595 litigatorum
575 509 716 591 praetori
739 507 908 592 delegabat
932 508 1068 592 urbane,
1096 511 1130 572 at
1153 507 1403 596 prouincialium

254 617 476 682 consularibus
499 615 588 697 uiris,
612 637 692 698 quos
717 614 861 700 singulos
880 615 1034 698 cuiusque
1056 613 1244 698 prouinciae
1259 612 1404 699 negotiis

254 723 499 807 praeposuisset.

202 827 248 893 34
345 829 447 915 Leges
470 827 658 893 retractauit
681 831 714 891 εὴ
737 828 890 911 quasdam
915 850 953 891 ex
976 829 1103 913 integro
1124 827 1240 910 sanxit,
1263 831 1300 890 ut
1317 848 1405 890 sum-

254 936 415 1022 ptuariam
448 939 480 999 εὴ
512 936 552 1009 ἀθ,
583 934 748 998 adulteriis
781 938 813 998 et
845 934 884 998 de
915 935 1084 1020 pudicitia,
1117 934 1155 998 de
1187 933 1326 1016 ambitu,
1363 932 1404 996 de
1440 957 1455 997 s

253 1041 442 1108 maritandis
475 1041 649 1106 ordinibus.
704 1041 787 1106 hanc
819 1063 892 1105 cum
930 1041 1095 1124 aliquanto
1130 1041 1272 1104 seuerius
1304 1061 1405 1123 quam

253 1154 375 1214 ceteras
404 1149 614 1231 emendasset,
646 1170 722 1232 prae
749 1148 892 1212 tumultu
922 1149 1138 1212 recusantium
1167 1147 1308 1232 perferre
1334 1167 1405 1210 non
1480 1153 1487 1164 “

253 1256 361 1356 patuit
382 1255 446 1319 nisi
469 1255 618 1338 adempta
641 1255 769 1319 demum
792 1255 932 1318 lenitaue
955 1258 1046 1340 parte
1064 1276 1241 1339 poenarum
1259 1256 1292 1318 et
1310 1273 1405 1317 uaca-

219 1379 234 1424 a
251 1363 342 1427 tione
365 1363 482 1426 trienni
506 1361 580 1424 data
599 1362 765 1445 auctisque
784 1362 943 1445 praemiis.
981 1363 1026 1426 sic
1045 1383 1174 1446 quoque
1192 1360 1406 1424 abolitionem

255 1470 323 1534 eius
346 1469 477 1553 publico
501 1468 684 1552 spectaculo
707 1469 914 1552 pertinaciter
935 1470 1120 1552 postulante
1143 1467 1259 1552 equite,
1283 1465 1405 1530 accitos
1423 1492 1454 1530 ro

255 1575 438 1641 Germanici
460 1575 580 1640 liberos
603 1578 812 1659 receptosque
835 1575 954 1659 partim
981 1575 1021 1638 ad
1047 1597 1080 1639 se
1102 1575 1221 1658 partim
1245 1574 1279 1637 in
1300 1572 1406 1657 patris

255 1683 412 1769 gremium
433 1682 617 1765 ostentauit,
638 1703 735 1745 manu
753 1682 910 1765 uultuque
929 1681 1114 1767 significans
1132 1703 1172 1744 ne
1192 1683 1407 1766 grauarentur

254 1790 377 1854 imitari
399 1790 525 1854 iuuenis
550 1788 739 1872 exemplum.
783 1810 918 1871 cumque
942 1789 1038 1852 etiam
1063 1776 1285 1852 inmaturitate
1308 1807 1405 1870 spon-

255 1918 361 1961 sarum
393 1901 425 1960 et
454 1895 733 1960 matrimoniorum
765 1895 876 1958 crebra
905 1895 1096 1959 mutatione
1111 1895 1179 1958 uim
1206 1894 1289 1980 legis
1317 1893 1407 1958 eludi

255 2003 401 2086 sentiret,
428 2006 556 2086 tempus
579 2023 712 2086 sponsas
734 2000 874 2064 habendi
898 2001 1070 2084 coartauit,
1097 2001 1247 2065 diuortiis
1270 2000 1405 2064 modum
1423 2023 1452 2063 rs

254 2111 417 2194 imposuit.
498 2112 503 2117 ’

203 2211 247 2276 35
343 2215 535 2280 Senatorum
572 2213 757 2278 affluentem
794 2235 963 2278 numerum
1001 2213 1137 2279 deformi
1174 2219 1206 2278 et
1238 2215 1407 2279 incondita

254 2323 349 2387 turba
367 2361 411 2368 —
430 2326 522 2386 erant
549 2321 634 2386 enim
662 2342 759 2403 super
780 2320 882 2404 mille,
912 2325 944 2384 et
972 2321 1101 2404 quidam
1130 2321 1345 2407 indignissimi
1371 2326 1408 2385 et

254 2434 330 2514 post
356 2451 468 2494 nocem
497 2427 640 2493 Caesaris
668 2448 727 2511 per
749 2426 886 2513 gratiam
911 2431 943 2490 et
965 2428 1143 2511 praemium
1167 2427 1297 2511 adlecti,
1321 2449 1407 2512 quos

256 2538 382 2601 orciuos
405 2535 523 2620 uulgus
551 2535 689 2598 uocabat
712 2571 756 2580 —-
780 2534 972 2598 admodum
1000 2535 1174 2619 pristinum
1202 2539 1234 2598 et
1257 2535 1407 2618 splendo-
1423 2557 1452 2596 so

255 2665 323 2707 rem
347 2642 473 2727 redegit
496 2640 618 2705 duabus
637 2639 843 2704 lectionibus:
866 2641 970 2723 prima
988 2640 1132 2724 ipsorum
1151 2641 1319 2723 arbitratu,
1339 2663 1406 2723 quo

255 2751 307 2813 uir
325 2748 432 2813 uirum
454 2747 543 2832 legit,
561 2746 699 2810 secunda
718 2768 776 2810 suo
796 2751 828 2810 et
846 2746 1026 2832 Agrippae3
1050 2769 1114 2831 quo
1133 2751 1278 2832 tempore
1296 2747 1407 2811 existi-

255 2859 363 2920 matur
385 2855 486 2918 lorica
514 2852 574 2917 sub
603 2857 692 2916 ueste
719 2853 863 2917 munitus
886 2855 1036 2936 ferroque
1061 2855 1184 2918 cinctus
1207 2854 1407 2937 praesedisse

255 2963 364 3026 decem
388 2960 617 3026 ualentissimis
640 2960 792 3024 senatorii
817 2961 937 3025 ordinis
961 2961 1072 3024 amicis
1096 2961 1207 3025 sellam
1230 2981 1321 3024 suam
1345 2961 1407 3024 cir-

220 3081 235 3128 a
256 3069 501 3133 cumstantibus.
547 3066 671 3131 Gordus
690 3065 873 3131 Cremutius
892 3067 1004 3131 scribit
1021 3089 1062 3132 ne
1080 3067 1255 3132 admissum
1274 3066 1406 3151 quidem
1421 3087 1449 3128 ss

254 3182 334 3241 tunc
358 3197 552 3259 quemquam
576 3177 761 3238 senatorum
789 3173 851 3236 nisi
874 3173 979 3237 solum
1007 3177 1040 3237 et
1062 3177 1298 3258 praetemptato
1322 3174 1404 3237 sinu.

256 3283 414 3367 quosdam
442 3282 482 3345 ad
510 3281 682 3344 excusandi
710 3301 743 3343 se
769 3279 994 3344 uerecundiam
1017 3280 1175 3364 compulit
1197 3280 1404 3362 seruauitque

327 3490 344 3535 4
364 3485 481 3551 Enim,
498 3487 534 3535 18
557 3482 633 3550 leges
658 3481 729 3534 alias
752 3499 853 3549 nouas,
883 3481 954 3534 alias
978 3484 1115 3534 correctas
1138 3481 1258 3550 protulit
1281 3498 1330 3534 suo
1353 3497 1405 3534 uo-

256 3565 340 3618 miue.
381 3565 455 3617 Oros.
477 3565 522 3618 VI
535 3566 618 3628 22‚3
643 3577 702 3615 rem
727 3561 872 3630 publicam
947 3579 1017 3630 paee
1043 3562 1165 3616 enutrire
1191 3563 1277 3630 atque
1303 3561 1406 3630 ampli-

256 3644 340 3697 ficare
360 3643 474 3696 studens
493 3642 570 3712 leges
589 3641 725 3711 plurimas
745 3642 857 3708 statuit,
876 3659 926 3710 per
945 3659 1015 3710 quas
1033 3642 1188 3695 humanum
1207 3657 1295 3712 genus
1313 3641 1406 3696 libera

256 3723 415 3777 reuerentia
434 3720 600 3791 disciplinae
619 3737 725 3775 morem
743 3724 860 3790 gereret.

329 3915 343 3962 1
363 3909 505 3977 praefecto
578 3908 656 3961 urbis
674 3909 790 3975 Lipsius
863 3907 1013 3976 delegabat
1033 3911 1070 3963 M
1141 3909 1181 3980 at]
1202 3908 1239 3962 ad
1259 3911 1297 3964 Μ
1299 3909 1339 3964 ¹V
1355 3911 1407 3978 (sic

257 3991 340 4044 etium
359 3991 377 4041 ὃ
395 3989 564 4056 interpolans
584 3988 621 4040 ad
639 4005 680 4056 pr.
701 3988 787 4040 etiam
806 4005 901 4042 curam
916 4006 989 4042 cons.
1005 3989 1073 4042 uiris
1146 3989 1336 4058 proposuisset
1356 3990 1406 4043 de-

256 4069 383 4138 legauit),
400 4084 416 4120 a
432 4068 514 4137 Mn,
529 4083 562 4121 ac
577 4087 589 4122 ε
604 4069 706 4136 alitque
721 4086 737 4128 ς
753 4070 854 4138 (Roth),
869 4069 901 4122 in
916 4087 928 4122 ε
942 4086 975 4122 ss.
990 4067 1006 4121 l
1021 4069 1058 4122 ad
1131 4075 1146 4122 3
1166 4070 1359 4139 proposuisset
1369 4071 1410 4126 Μ

257 4157 272 4204 5
287 4151 372 4218 prins
390 4151 419 4202 et
437 4149 487 4202 del.
507 4149 653 4216 Turnl‘nt
672 4149 702 4201 in
716 4155 821 4202 uetusto
835 4150 948 4217 codice')
1021 4155 1037 4203 8
1052 4150 1157 4219 adepta
1171 4156 1196 4203 et
1209 4156 1268 4204 tnnc
1286 4167 1335 4204 om.
1357 4150 1406 4203 de—

256 4231 381 4284 mumM
435 4233 466 4280 13
481 4228 635 4281 iuuenesG
691 4228 795 4300 17<a>
805 4229 924 4281 deformi
936 4229 1062 4299 Madnip
1109 4235 1142 4282 18
1157 4246 1242 4299 supra
1253 4230 1370 4300 Bentley

257 4309 375 4380 etpost]
390 4309 604 4377 utpostTonp.,
623 4311 687 4375 post
694 4309 812 4378 Bentley
876 4314 908 4362 19
928 4309 1051 4377 pretium
1061 4310 1180 4380 Madnip
1242 4315 1276 4363 20
1295 4310 1405 4364 orciuos

258 4393 295 4445 M
299 4390 325 4442 G
332 4390 388 4454 Vr,
407 4387 550 4441 abortiuos
570 4391 598 4439 X
610 4389 678 4456 (edd.
693 4405 759 4442 suec.
777 4389 838 4442 XV
854 4395 878 4444 et
892 4391 1037 4458 pleraeque
1054 4407 1122 4444 succ.
1139 4390 1243 4459 XVI),
1262 4389 1372 4444 orciuos
1387 4407 1405 4449 ς

257 4471 325 4539 (edd.
345 4470 401 4535 fere
416 4473 479 4536 post
499 4469 625 4533 Ouscnb.‚
644 4469 674 4520 c'n
698 4469 820 4538 nearpiue
839 4470 894 4522 inin
914 4470 953 4522 ed.
973 4469 1062 4522 Basil.
1078 4470 1162 4535 1518)
1498 4463 1503 4472 ⁸
