3138 5098
250 347 313 412 196
601 345 629 400 C.
650 345 808 400 SVETONI
828 345 1049 411 TRANQVILLI

247 531 398 595 magnam
408 495 486 574 fecit
495 509 651 574 inuidiam
662 509 813 574 destricto
824 509 932 595 gladio
947 509 1114 574 affirmans
1124 514 1261 593 sponte
1272 529 1309 573 se
1320 531 1402 592 per-

248 619 406 701 iturum,
430 619 463 681 si
487 621 523 681 et
542 617 625 680 illis
644 620 766 680 morte
787 617 925 702 dignus
949 617 1162 700 uideretur,
1185 637 1244 680 nec
1265 617 1403 681 cessauit

248 745 340 789 exeo
355 723 518 788 criminari
533 723 669 788 alterum
685 724 777 788 alteri
797 727 894 807 atque
912 723 997 788 inter
1016 745 1049 787 se
1068 723 1174 788 omnis
1193 724 1401 788 committere.

213 850 229 896 a
340 829 421 894 Cum
448 831 622 914 placuisset
650 829 806 894 Palatinis
835 830 919 894 ludis
944 831 1126 914 spectaculo
1150 849 1316 916 egressum
1340 851 1403 892 me·

249 938 329 1002 ridie
364 937 509 1023 adgredi,
537 937 658 1020 primas
689 938 752 1001 sibi
784 941 891 1022 partes
923 935 1051 1002 Cassius
1085 935 1227 1001 Chaerea
1255 937 1404 1001 tribunus
1432 961 1443 1000 a

250 1044 394 1110 cohortis
422 1043 603 1128 praetoriae
630 1044 830 1127 depoposcit,
860 1065 953 1126 quem
980 1042 1079 1108 Gaius
1102 1044 1261 1108 seniorem
1284 1045 1349 1107 iam
1373 1049 1404 1108 et

249 1152 381 1214 mollem
411 1155 443 1214 et
473 1151 692 1214 effeminatum
726 1151 877 1215 denotare
911 1151 998 1216 omni
1028 1151 1149 1234 probro
1177 1155 1346 1215 consuerat
1373 1156 1405 1214 et

250 1259 347 1322 modo
378 1259 506 1342 signum
534 1257 659 1340 petenti
687 1257 868 1342 Priapum
899 1262 954 1322 aut
977 1256 1160 1321 Venerem
1191 1257 1280 1340 dare,
1308 1257 1404 1322 modo

254 1386 293 1428 ex
327 1364 435 1447 aliqua
467 1385 562 1428 causa
594 1365 703 1450 agenti
736 1364 856 1450 gratias
888 1365 1095 1428 osculandam
1127 1385 1258 1428 manum
1292 1365 1405 1429 offerre

252 1471 424 1536 formatam
448 1475 706 1553 commotamque
730 1471 764 1533 in
787 1471 981 1535 obscaenum
1004 1471 1145 1535 modum.
1422 1495 1447 1534 ro

200 1577 245 1643 57
342 1577 482 1642 Futurae
510 1577 615 1641 caedis
638 1577 741 1641 multa
764 1578 912 1662 prodigia
936 1579 1120 1641 extiterunt.
1167 1575 1336 1661 Olympiae
1364 1578 1405 1640 si-

253 1686 431 1749 mulacrum
455 1684 558 1767 lonis,
587 1684 674 1766 quod
698 1685 833 1749 dmsolui
861 1685 1093 1766 transferrique
1121 1684 1259 1748 Romam
1281 1684 1407 1768 placue-

254 1796 313 1876 rat,
336 1796 462 1856 tantum
486 1791 679 1856 cachinnum
703 1797 835 1874 repente
858 1791 973 1874 edidit,
1000 1796 1037 1855 ut
1059 1791 1217 1855 machinis
1240 1790 1407 1856 labefactis

255 1898 387 1980 opifices
414 1896 614 1983 diffugerint3
646 1899 898 1982 superuenitque
925 1897 1000 1962 ilico
1031 1899 1162 1980 quidam
1191 1895 1319 1962 Cassius
1351 1917 1408 1962 no-

254 2006 355 2088 mine,
386 2005 508 2068 iussum
542 2025 575 2068 se
608 2004 733 2068 somnio
771 2005 935 2070 affirmans
968 2006 1135 2069 immolare
1166 2010 1296 2069 taurum
1328 2002 1407 2069 leui.
1424 2027 1449 2068 15

219 2129 235 2175 a
256 2110 453 2194 Capitolium
468 2109 595 2194 Capuae
609 2109 654 2174 Id.
670 2111 806 2195 Mo<a>
821 2112 862 2175 de
880 2113 967 2176 caelo
982 2115 1103 2176 tactum
1119 2116 1176 2195 est,
1195 2113 1273 2176 item
1288 2111 1410 2176 Romae

256 2217 335 2282 cella
358 2216 499 2282 Palatini
524 2219 681 2282 atriensis.
722 2240 781 2284 nec
806 2219 975 2282 defuerunt
995 2219 1053 2301 qui
1073 2220 1289 2284 coniectarent
1308 2219 1409 2282 altero

256 2329 383 2389 ostento
406 2324 587 2408 periculum
615 2348 635 2389 a
657 2325 844 2390 custodibus
872 2326 1002 2390 domino
1027 2326 1189 2411 portendi,
1217 2327 1318 2391 altero
1343 2347 1411 2390 cae-

257 2433 329 2496 dem
352 2453 463 2496 rursus
486 2432 655 2516 insignem,
679 2432 784 2514 qualis
804 2433 914 2496 eodem
934 2433 986 2496 die
1004 2433 1090 2496 iacta
1108 2433 1269 2516 quondam
1287 2432 1409 2496 fuisset.

258 2539 438 2604 consulenti
467 2560 596 2620 quoque
624 2538 662 2602 de
691 2539 839 2624 genitura
868 2559 926 2602 sua
955 2537 1045 2602 Sulla
1071 2539 1317 2604 mathematicus
1346 2559 1410 2603 cer·
1426 2561 1453 2600 so

223 2660 238 2708 8
258 2646 416 2710 tissimum
435 2667 545 2708 necem
564 2646 823 2728 appropinquare
842 2644 1025 2709 affirmauit.
1067 2649 1262 2709 monuerunt
1284 2649 1316 2708 et
1334 2644 1410 2709 Fer-

258 2758 354 2817 tunae
373 2751 568 2836 Antiatinae,
592 2756 628 2815 ut
651 2775 670 2814 a
694 2749 803 2816 Cassio
827 2756 967 2836 caueret3
991 2773 1055 2834 qua
1077 2773 1172 2815 causa
1191 2753 1245 2816 ille
1265 2750 1411 2816 Cassium

258 2859 441 2944 Longinum
458 2857 555 2923 Asiae
578 2863 647 2922 tum
671 2858 896 2942 proconsulem
916 2858 1123 2923 occidendum
1144 2859 1347 2944 delegauerat
1366 2859 1412 2923 in·

258 2987 382 3030 memor
415 2964 588 3029 Chaeream
624 2964 769 3030 Cassium
806 2965 974 3030 nominari.
1021 2965 1124 3048 pridie
1156 2988 1253 3048 quam
1285 2967 1412 3049 periret,

259 3073 432 3138 somniauit
456 3073 630 3137 consistere
654 3094 687 3136 se
710 3073 744 3136 in
764 3073 851 3138 eaelo
871 3072 963 3136 iuxta
981 3073 1098 3136 solium
1117 3071 1205 3136 Iouis
1224 3071 1414 3157 impulsum·
1428 3091 1457 3133 ss

260 3203 322 3264 que
342 3180 380 3243 ab
400 3202 437 3244 eo
457 3179 562 3243 dextri
580 3179 671 3263 pedis
690 3179 807 3262 pollice
830 3183 862 3242 st
881 3179 915 3242 in
928 3184 1029 3243 terras
1053 3179 1309 3263 praecipitatum.
1341 3199 1414 3262 pro-

261 3288 422 3372 digiorum
454 3287 526 3350 loco
558 3286 669 3350 hahita
702 3291 776 3350 suut
808 3286 920 3370 etiam,
953 3308 1034 3369 quae
1066 3287 1149 3350 torte
1177 3286 1234 3350 ilio
1262 3287 1336 3369 ipso·
1363 3286 1414 3350 die

226 3395 358 3478 apaulo
382 3393 473 3476 prius
492 3392 680 3457 acciderant.
718 3392 899 3456 sacrificans
922 3414 1086 3476 respersus
1106 3397 1154 3456 est
1172 3393 1415 3477 phoenicopteri

262 3501 431 3585 sanguine3
454 3504 487 3564 et
509 3498 728 3583 pantomimus
746 3498 890 3563 Mnester
908 3499 1106 3585 tragoediam
1124 3500 1223 3582 (trop.
1236 3502 1296 3582 [νᾳ.
1312 3501 1415 3581 cdcsp.

259 3631 291 3690 p.
307 3607 391 3690 838>
415 3608 554 3688 saltauit,
579 3628 674 3689 quam
695 3605 772 3669 olim
791 3604 1023 3690 Neoptolemus
1041 3608 1214 3692 tragoedus
1232 3607 1326 3690 ludis,
1346 3607 1416 3689 qui-
1430 3626 1457 3666 ac

263 3715 324 3778 bus
347 3737 403 3778 rex
422 3713 633 3778 Macedonum
656 3711 828 3797 Philippus
852 3715 977 3777 occisus
999 3717 1060 3796 est,
1084 3717 1206 3798 egerat3
1229 3718 1262 3777 et
1286 3735 1358 3778 cum
1382 3714 1416 3776 in

263 3821 420 3885 Laureolo
438 3821 547 3905 mimo,
566 3821 599 3884 iu
619 3842 682 3904 quo
702 3819 844 3904 a[u]ctor
861 3821 1043 3904 proripiens
1064 3843 1097 3886 ee
1115 3821 1208 3884 ruina
1227 3820 1416 3905 sanguinem

337 4002 352 4050 5
372 3997 579 4062 Ausoa.259,4
597 3994 717 4064 expetiit
734 4011 840 4063 poenas
860 3995 895 4048 de
914 3993 1032 4050 Caesare
1051 3993 1176 4050 Chaerea
1193 3995 1295 4049 mollis.

337 4165 352 4210 2
374 4158 475 4226 dignos
489 4165 515 4212 et
528 4157 688 4212 necessauit
703 4158 741 4210 M
792 4163 809 4209 4
828 4155 889 4209 ludi
899 4160 928 4208 X
980 4162 995 4208 6
1011 4158 1040 4208 et
1054 4173 1103 4210 cm.
1116 4156 1154 4225 N,
1168 4155 1270 4211 utedct.
1282 4157 1359 4211 Rom.
1371 4173 1416 4224 pr.

268 4245 300 4293 13
316 4239 396 4293 dedit
411 4240 449 4292 M
506 4243 538 4292 18
553 4237 726 4306 portentoG
782 4242 815 4289 19
830 4237 973 4291 eademX
1029 4236 1075 4289 die
1090 4252 1140 4289 om.
1157 4239 1181 4288 Τ
1233 4241 1267 4288 20
1283 4236 1420 4306 de]s1(et

267 4328 325 4375 tara
345 4317 456 4388 sullam)
473 4319 498 4372 G
572 4324 604 4370 21
629 4319 658 4371 et
681 4334 732 4372 oua
748 4321 775 4369 X
850 4321 883 4370 30
902 4315 1115 4385 neoptolomeus
1135 4318 1173 4370 M
1176 4360 1182 4385 ,
1208 4316 1423 4384 neptolemusY

269 4405 301 4451 32
312 4399 443 4452 laureaco
450 4401 488 4451 Τδ
543 4401 641 4451 auctor
652 4401 686 4463 a,
697 4414 764 4452 cerr.
777 4398 979 4465 cchroaldas)
1034 4413 1186 4466 prorepens
1197 4397 1306 4451 eruina
1314 4397 1420 4452 Beatus

269 4481 421 4534 Rheucuac
440 4480 464 4547 (e
479 4479 561 4531 ruina
577 4495 629 4546 pro
649 4494 678 4530 se
696 4477 778 4530 ruina
793 4479 829 4540 R,
850 4493 878 4530 se
898 4495 911 4530 e
931 4477 1012 4530 ruina
1030 4479 1116 4542 Tora,
1136 4476 1251 4530 ceruina
1264 4478 1420 4540 Retaeaius)
