3166 5106
290 371 351 436 192
634 373 662 429 6.
683 374 840 428 svnroru
858 376 1081 442 reinerium

284 536 391 618 titulo,
416 535 508 600 alteri
532 537 698 621 gladius,
721 539 813 602 alteri
837 540 954 625 pugio
973 539 1071 603 index
1090 543 1171 622 erat3
1195 540 1289 604 ambo
1308 541 1446 606 nomina

286 646 318 705 et
350 646 443 706 notas
478 643 686 707 continebant
719 645 816 709 morti
847 645 1088 711 destinatorum.
1140 647 1272 710 inuenta
1303 647 1338 709 et
1367 668 1445 710 arca
1487 633 1490 638 ¹

286 749 400 833 ingene
425 749 587 813 uariorum
610 772 808 818 uenenorum
831 752 934 835 plena,
959 753 1075 837 quibus
1099 775 1216 818 mox-o
1237 751 1370 816 Claudio
1390 753 1444 816 de-

286 857 399 920 mersis
423 857 541 920 infecta
563 857 664 920 moria
687 857 858 921 traduntur
877 880 940 922 non
966 858 1034 922 sine
1057 860 1195 943 piscium
1219 858 1335 941 exitio,
1359 881 1444 941 quos

287 968 415 1028 enectos
439 967 546 1026 aestus
570 964 603 1027 in
626 963 773 1046 proxima
796 965 894 1029 litora
917 965 1019 1030 eiecit.
1472 992 1485 1030 5

233 1067 281 1132 50
377 1068 507 1134 Statura
534 1069 598 1133 fuit
625 1071 792 1153 eminenti,
821 1071 926 1135 colore
950 1072 1125 1156 expallido,
1149 1093 1283 1155 corpore
1308 1073 1445 1156 enormi,

288 1176 467 1260 gracilitate
496 1176 636 1240 maxima
666 1177 799 1240 ceruicis
827 1181 860 1242 et
883 1200 1026 1261 crurum,
1039 1201 1041 1207 ⁴
1054 1177 1156 1244 oculis
1184 1183 1216 1242 et
1240 1178 1445 1262 temporibus

288 1284 447 1365 concauis,
470 1282 577 1346 fronte
599 1282 666 1346 lata
694 1288 726 1347 et
749 1287 855 1363 torua,
884 1285 1001 1368 capillo
1026 1307 1099 1349 raro
1124 1290 1156 1349 at
1180 1286 1263 1349 circo
1286 1287 1445 1351 uerticem

287 1389 391 1474 nullo,
429 1389 572 1452 hirsutus
606 1394 717 1454 cetera.
770 1411 869 1472 quare
899 1392 1093 1456 transeunte
1117 1413 1154 1455 eo
1186 1394 1371 1475 prospicere
1403 1415 1447 1456 ex

289 1496 453 1580 superiore
473 1499 569 1578 'parte
593 1499 649 1559 aut
673 1497 802 1561 omnino
828 1519 1028 1580 quacumque
1051 1500 1090 1562 de
1114 1521 1209 1563 causa
1235 1521 1363 1583 capram
1386 1522 1488 1564 no-1c

287 1601 418 1685 minare,
438 1602 645 1666 criminosum
665 1608 697 1666 et
716 1603 845 1667 exitiale
863 1604 1050 1669 habebatur.
1085 1605 1212 1668 uultum
1234 1627 1308 1669 uero
1327 1609 1447 1669 natura

288 1699 455 1773 horridum
481 1730 518 1772 ao
542 1713 680 1773 taetrum
705 1711 801 1774 etiam
825 1732 863 1774 ex
891 1710 1049 1775 industria
1072 1711 1223 1775 efferabat
1247 1734 1447 1796 componens

288 1815 328 1878 ad
352 1816 517 1897 speculum
542 1815 576 1878 in
600 1837 725 1880 omnem
749 1820 902 1880 terrorem
927 1839 963 1880 ac
986 1816 1198 1883 formidinem.

252 1938 270 1983 2
379 1921 534 1985 Valitudo
563 1923 592 1985 ei
620 1943 723 2004 neque
748 1923 890 2006 eorporis
914 1944 1017 2005 neque
1045 1923 1144 1987 animi
1168 1923 1321 1989 constitit.
1363 1949 1447 2009 puer
1579 2009 1580 2016 ἵ

289 2027 445 2092 comitiali
468 2029 581 2092 morbo
605 2033 754 2112 uexatus,
781 2029 815 2091 iu
840 2029 1055 2094 adulescentie
1078 2031 1123 2095 ita
1145 2032 1270 2113 patiens
1293 2031 1444 2096 laborum
1463 2057 1488 2096 15
1579 2065 1580 2074 ¹

288 2139 365 2216 erat,
389 2140 425 2199 ut
449 2139 557 2199 tamen
580 2157 821 2219 nonnumquam
851 2137 957 2200 subita
980 2137 1158 2201 defectione
1181 2138 1319 2222 ingredi,
1349 2143 1446 2222 stare,

289 2243 441 2327 colligere
466 2247 566 2305 semet
590 2263 627 2304 ee
650 2242 782 2305 sufferre
805 2243 861 2306 uix
885 2247 1002 2326 posset.
1044 2244 1160 2308 mentis
1179 2244 1392 2309 ualitudinem
1411 2252 1446 2311 et

289 2352 358 2432 ipse
384 2354 526 2412 senserat
554 2370 589 2411 eo
613 2348 748 2413 subinde
776 2348 814 2412 de
842 2370 966 2413 secessu
996 2351 1098 2432 deque
1121 2351 1288 2436 purgando
1313 2353 1446 2418 cerebro

289 2455 454 2539 cogitauit.
498 2455 638 2518 creditur
660 2456 848 2538 potionatus
867 2441 1060 2520 aCaesonia
1079 2479 1178 2522 uxore
1198 2458 1353 2523 amatorio
1374 2459 1445 2542 qui-

252 2563 361 2625 edam
390 2550 632 2643 medicamento,
655 2561 711 2624 sed
734 2562 820 2643 quod
843 2563 877 2625 in
900 2562 1041 2627 furorem
1065 2565 1206 2628 uerterit.
1248 2565 1472 2631 incitabaturr

257 2738 262 2750 ¹
290 2669 450 2733 insomnio
479 2669 630 2752 maxime3
662 2660 765 2749 neque
795 2670 880 2733 enim
908 2670 981 2752 plus
1009 2691 1105 2752 quam
1137 2670 1241 2734 tribus
1273 2675 1446 2737 nocturnis

289 2776 378 2839 horis
402 2775 586 2857 quiescebat
614 2796 650 2838 ac
673 2797 713 2837 ne
737 2776 776 2838 iis
800 2775 929 2857 quidem
952 2776 1078 2860 placida
1102 2777 1222 2861 quiete,
1246 2778 1301 2842 sed
1323 2780 1446 2861 pauida

289 2881 380 2946 miris
403 2904 509 2945 rerum
533 2880 737 2966 imaginibus,
760 2885 797 2944 ut
821 2883 877 2965 qui
900 2882 984 2946 inter
1007 2887 1127 2947 ceteros
1150 2884 1257 2969 pelagi
1280 2886 1445 2966 quondum

290 2989 428 3072 speciem
454 2988 700 3072 conloquentem
720 3009 827 3052 seeum
847 2989 955 3056 uidere
974 2989 1063 3054 uisus
1082 2989 1132 3054 sit.
1170 2991 1305 3074 ideoque
1324 3015 1445 3078 magna

288 3098 379 3177 parte
412 3093 516 3157 noctis
546 3094 677 3180 uigiliae
709 3094 911 3177 cubandique
940 3095 1045 3160 taedio
1072 3117 1159 3160 nunc
1190 3100 1262 3161 toro
1290 3097 1444 3182 residens,
1461 3123 1487 3162 :a

288 3223 374 3266 nuno
401 3187 690 3285 per'longissimas
719 3200 860 3283 porticus
886 3223 988 3286 uagus
1017 3203 1168 3267 inuocare
1196 3203 1370 3268 identidem
1394 3211 1442 3272 et-

288 3330 351 3392 que
374 3312 543 3391 expectare
566 3308 670 3372 lucem
694 3312 871 3371 consueret.

363 3516 377 3562 6
398 3511 431 3576 cf.
452 3512 490 3564 cd
512 3511 569 3564 Tib.
586 3514 623 3562 68
698 3515 730 3562 19
749 3510 783 3575 cf.
805 3510 890 3564 Sobel.
906 3513 969 3565 luc.
987 3517 1012 3578 6,
1022 3516 1075 3565 615
1095 3528 1178 3579 quem
1201 3512 1272 3566 adeo
1291 3513 1444 3569 medicatis

288 3590 452 3658 potionibus
476 3607 544 3643 uxor
568 3589 705 3642 Caesonia
728 3589 757 3642 in
782 3607 904 3643 amorem
929 3609 1010 3662 suum
1029 3593 1158 3658 deduxit,
1182 3595 1215 3646 ut
1234 3593 1269 3647 de
1288 3593 1378 3648 nimia
1398 3595 1444 3650 in-

288 3671 418 3738 potentia
437 3670 532 3724 furens
551 3686 635 3738 saepe
654 3685 716 3723 eam
731 3671 835 3723 nudam
851 3672 950 3724 amicis
970 3674 1131 3727 ostenderet
1150 3676 1186 3740 (a.
1195 3677 1358 3744 p.177,27).

362 3864 377 3908 5
397 3860 528 3910 enecatos
546 3857 619 3911 Oros.
693 3861 708 3909 6
728 3857 836 3925 pallide
855 3859 945 3924 YTN,
968 3859 1098 3926 squalido
1113 3861 1229 3931 Bentley
1303 3865 1317 3912 7
1337 3861 1444 3930 timpo-

288 3938 367 3990 ribus
383 3937 453 3990 M‘s
461 3939 495 4002 Τ,
514 3940 607 4005 tymp-
619 3937 645 3989 G
735 3943 751 3990 8
772 3939 801 3990 at
821 3938 866 4006 (ad
883 3940 920 3991 M
922 3941 930 4003 l
948 3939 1053 4004 MGT,
1073 3941 1101 3992 et
1115 3940 1158 4005 H,
1179 3956 1212 3993 ac
1227 3941 1339 3994 LPTN
1351 3943 1444 4009 (edelr,

288 4019 340 4069 aut
350 4018 378 4082 S,
390 4021 441 4071 uia
450 4019 506 4084 fait
520 4020 605 4084 atque
652 4022 685 4068 10
700 4017 939 4085 qualicumqueH
984 4025 1014 4070 11
1032 4017 1178 4071 exitiabile
1194 4017 1290 4086 (exici-
1301 4019 1336 4086 G)
1351 4020 1446 4075 HGH

290 4104 323 4150 12
344 4098 481 4152 efferabat
492 4098 616 4164 L²POT‚
636 4097 771 4152 efferebat
789 4099 834 4152 rel.
855 4105 880 4150 et
894 4099 927 4150 N
939 4097 1003 4166 (12.9)
1078 4104 1110 4151 16
1126 4098 1236 4166 ingredi
1252 4101 1285 4165 X,
1304 4099 1386 4168 gredi
1398 4103 1443 4168 M,

288 4179 371 4247 gradi
388 4179 441 4231 GT
455 4180 498 4246 (ef.
521 4180 594 4246 Vesp.
607 4182 632 4246 7)
729 4181 761 4230 19
781 4178 896 4246 potione
915 4178 1054 4232 inuitatus
1068 4179 1216 4244 Heinsius,
1235 4180 1351 4247 potione
1370 4183 1443 4234 tem-

288 4260 386 4326 ptatus
403 4258 472 4311 Oud.
488 4260 545 4312 cell.
562 4260 627 4312 Ner.
644 4263 680 4312 35
749 4263 782 4311 26
797 4260 919 4312 uerteret
934 4259 959 4311 G
1024 4265 1055 4312 21
1072 4259 1210 4312 insomnio
1226 4262 1284 4327 (-no
1299 4260 1389 4326 STN)
1405 4263 1442 4326 Ω,

289 4338 429 4390 insomnia
440 4339 498 4392 edd.
509 4355 569 4392 curu
584 4339 720 4406 Stephano
734 4340 960 4406 successoremve
1015 4345 1049 4390 24
1064 4338 1288 4406 colloquentieG
1343 4346 1377 4392 26
1394 4357 1443 4394 cu-

289 4417 377 4470 bandi
397 4433 507 4484 quoque
523 4419 581 4469 XN
656 4423 688 4470 26
707 4418 840 4471 inuocare
859 4422 888 4470 et
906 4418 1062 4472 identidem
1082 4435 1114 4472 ex
1136 4422 1268 4487 amatque
1287 4419 1375 4473 etiam
1394 4437 1442 4474 ex·

289 4499 418 4564 spectare
435 4497 460 4549 G
532 4503 564 4549 27
585 4500 770 4551 consueuerat
785 4500 822 4551 M
839 4501 915 4566 (corr.
931 4515 964 4551 m.
981 4501 1006 4565 1)
1026 4499 1087 4551 Τὸε
