3108 5102
439 365 548 422 DIVVS
567 365 815 421 VESPASIANVS
834 377 900 427 [car.
914 378 977 427 4—5]
1220 365 1282 429 311

135 532 252 614 ferunt,
275 530 457 614 haruspicio
481 531 613 614 insuper
630 530 865 613 confirmatum,
887 528 1088 594 renuntiasse
1106 530 1218 612 matri,
1233 551 1286 593 ne·

136 642 247 723 potem
271 639 300 702 ei
325 637 491 702 Gaesarem
515 639 675 721 genitum,
698 658 756 700 nec
780 637 869 702 illam
889 639 1062 720 quicquam
1081 635 1168 700 alind
1188 657 1286 719 quam

137 743 357 828 cachinnasse,
391 745 561 808 mirantem
596 744 696 827 quod
725 743 846 808 adhuc
878 743 1083 808 sementis
1111 748 1286 827 compote

136 852 322 916 deliraret
345 853 418 915 iam
442 851 555 914 filius
579 872 677 915 suus.

108 983 122 1022 s
228 957 314 1038 Mox,
347 978 421 1022 cum
454 956 588 1021 aedilem
622 979 694 1020 eum
729 956 762 1021 C.
796 954 924 1042 Caesar,
957 978 1145 1021 succensens
1177 974 1321 1020 curame

137 1064 301 1128 uerrendis
325 1064 387 1128 uiis
411 1086 476 1127 non
500 1063 686 1145 adhibitam,
716 1065 786 1127 luto
815 1064 961 1128 iussisset
984 1064 1108 1148 oppleri
1132 1065 1286 1149 congesto

137 1193 196 1256 per
217 1171 337 1235 milites
360 1170 394 1233 in
417 1174 601 1253 praetextae
626 1171 744 1254 sinum,
771 1154 846 1235 non¹
861 1169 1031 1235 defuerunt
1055 1171 1110 1254 qui
1134 1171 1287 1254 interpre-

137 1281 291 1361 tarentur,
323 1277 514 1361 quandoque
544 1278 763 1361 proculcatam
794 1277 1017 1362 desertamque
1046 1269 1113 1341 rem
1144 1300 1175 1361 p.
1200 1276 1288 1340 ciuili

137 1385 246 1467 aliqua
268 1385 509 1468 perturbatione
533 1385 565 1447 in
590 1384 725 1448 tutelam
750 1385 818 1448 eius
842 1406 880 1449 ac
897 1385 988 1448 uelut
1006 1384 1040 1448 in
1058 1385 1217 1469 gremium
1237 1382 1288 1446 de-

95 1494 317 1555 1o'uenturam.

226 1595 408 1660 Prandente
438 1618 475 1661 eo
505 1598 667 1682 quondam
700 1598 787 1662 oanis
812 1600 970 1662 extrarius
995 1621 1012 1661 e
1035 1598 1133 1662 triuio
1157 1616 1324 1662 manum4

136 1705 310 1767 humanam
350 1704 461 1767 intulit
496 1726 686 1789 mensaeque
722 1705 867 1768 subiecit.
920 1710 1054 1769 cenante
1088 1726 1199 1769 rursus
1229 1704 1288 1767 bos

137 1814 246 1874 arator
280 1810 413 1873 decusso
449 1809 525 1894 iugo
561 1809 737 1873 triclinium
768 1809 885 1893 irrupit
916 1832 952 1872 ac
981 1811 1103 1896 fugatis
1134 1811 1289 1874 ministris

138 1919 230 2000 quasi
261 1920 392 2000 repente
423 1916 566 1980 defessus
594 1916 734 1999 procidit
764 1916 804 1979 ad
832 1918 919 1999 ipsos
950 1916 1169 1980 accumbentis
1192 1917 1288 1999 pedes

97 2050 123 2090 15
139 2025 362 2106 ceruicemque
386 2024 555 2087 summisit.
602 2023 699 2087 arbor
722 2045 850 2106 quoque
869 2045 1038 2106 cupressus
1053 2024 1088 2086 in
1106 2043 1184 2107 agro
1200 2023 1287 2086 auito
1302 2087 1304 2090 .

139 2132 207 2194 sine
231 2131 297 2194 ulla
321 2130 354 2194 ui
378 2131 578 2213 tempestatis
602 2129 713 2194 euulsa
736 2130 890 2193 radicitus
913 2134 1010 2213 atque
1028 2134 1190 2213 prostrata
1209 2131 1289 2193 inse-

140 2238 253 2320 quenti
278 2235 328 2299 die
351 2237 487 2300 uiridior
511 2258 547 2300 ac
570 2237 695 2301 firmior
719 2238 900 2301 resurrexit.

228 2344 273 2408 At
303 2344 337 2406 in
364 2341 488 2408 Achaia
516 2345 692 2407 somniauit
720 2344 849 2407 initium
878 2343 941 2406 sibi
970 2344 1100 2427 suisque
1123 2343 1324 2408 felicitatiss

138 2451 295 2533 futurum,
319 2450 416 2514 simul
439 2471 476 2514 aa
499 2450 576 2513 dens
599 2449 722 2514 Neroni
747 2454 915 2534 exemptus
939 2455 1035 2535 esset3
1058 2450 1229 2534 euenitque
1252 2453 1289 2512 ut

98 2558 285 2641 assequenti
314 2557 364 2620 die
392 2578 581 2643 progressus
612 2559 645 2621 in
673 2557 791 2621 atrium
815 2557 957 2622 medicus
981 2558 1108 2621 dentem
1132 2557 1159 2620 ei
1185 2560 1289 2620 osten·

139 2665 228 2729 deret
251 2665 442 2746 tantumque
463 2652 552 2747 'quod
576 2669 769 2748 exemptum.

228 2770 326 2854 Apud
343 2769 493 2835 Iudaeam
511 2769 648 2834 Carmeli
668 2772 718 2835 dei
738 2772 903 2835 oraculum
922 2774 1141 2835 consulentem
1156 2773 1202 2834 ita
1217 2792 1289 2833 con·
1309 2789 1324 2835 6

137 2881 308 2942 firmauere
342 2881 458 2960 sortes,
495 2882 532 2941 ut
565 2878 721 2961 quidquid
754 2879 912 2964 cogitaret
941 2879 1150 2961 uolueretque
1183 2879 1289 2940 auimo

139 2984 320 3068 quamlibet
352 3006 514 3070 magnum,
547 2983 579 3047 id
613 3006 682 3048 esse
714 2989 947 3068 prouenturum
980 2984 1225 3068 pollicerentur3
1258 2989 1290 3046 et

99 3120 123 3160 a
138 3113 223 3156 unus
247 3114 287 3155 ex
313 3091 479 3155 nobilibus
509 3091 645 3175 captiuis
668 3091 834 3176 Iosephus,
863 3114 936 3155 cum
965 3093 1141 3155 coiceretur
1164 3093 1198 3154 in
1221 3091 1290 3154 uin·

67 3245 68 3250 .
140 3197 222 3281 cula,
250 3199 511 3263 constantissime
535 3201 731 3262 asseuerauit
755 3198 825 3262 fore
853 3202 889 3261 ut
913 3198 953 3261 ab
977 3198 1088 3262 eodem
1113 3197 1203 3261 breui
1230 3198 1290 3260 sol-

139 3309 278 3387 ueretur,
310 3325 423 3367 uerum
456 3305 521 3368 iam
553 3306 754 3388 imperatore.
810 3306 1043 3369 nuntiabantur
1076 3309 1107 3368 et
1140 3329 1178 3369 ex
1210 3304 1323 3368 urber

138 3411 320 3497 praesagia:
344 3410 506 3476 Neronem
531 3411 644 3474 diebus
668 3411 792 3475 ultimis
816 3413 975 3476 monitum
999 3435 1057 3496 per
1081 3413 1230 3495 quietern,
1254 3414 1290 3473 ut

139 3522 263 3582 tensam
288 3515 376 3581 louis
400 3515 523 3601 Optimi
542 3518 676 3582 Maximi
700 3541 717 3582 e
737 3519 875 3582 sacrario
895 3520 929 3582 in
948 3519 1079 3582 domum
1098 3517 1289 3603 Vespasiani

212 3753 246 3801 22
274 3766 300 3801 a.
327 3747 364 3800 ud
383 3765 412 3816 p.
433 3752 496 3812 309,
511 3752 547 3801 25
653 3753 686 3800 25
717 3747 792 3802 Oros.
814 3750 874 3802 VII
890 3754 942 3814 9,3
965 3749 1087 3802 maxime
1111 3748 1223 3815 Iosephi
1247 3748 1290 3799 lu-

139 3829 273 3882 daeorum
297 3828 376 3881 ducis
401 3828 553 3892 sententia,
582 3828 631 3895 qui
657 3831 757 3896 captus
782 3845 844 3881 oum
867 3829 897 3881 in
920 3827 1016 3882 uincla
1039 3828 1202 3893 coiceretur,
1226 3843 1290 3880 con-

140 3909 314 3963 stantissime
334 3909 456 3975 dixerat,
477 3909 550 3962 sicut
569 3907 718 3962 Suetonius
742 3908 840 3975 refert,
865 3908 998 3962 continuo
1018 3925 1047 3962 se
1066 3909 1102 3961 ab
1122 3907 1221 3961 eodem
1241 3907 1290 3960 sed

139 3990 310 4058 imperatore
339 3989 503 4043 soluendum
529 3990 607 4058 (VII
628 3993 687 4054 9,7
710 3990 825 4057 propter
847 3989 1023 4057 praedictum
1041 3988 1209 4057 imperium).

213 4200 228 4247 5
243 4211 392 4249 succensus
403 4196 500 4260 MLP,
520 4193 641 4248 offensus
657 4197 773 4264 Bentley
848 4201 880 4247 14
895 4194 983 4263 ipsius
996 4211 1013 4252 ς
1087 4200 1119 4246 17
1135 4192 1254 4247 surrexit
1265 4192 1291 4246 G

141 4280 174 4329 18
193 4275 231 4328 ltt
246 4275 297 4345 GQ
369 4281 402 4328 al
422 4276 589 4344 tantumque
605 4276 680 4344 quod
696 4277 732 4328 M
733 4274 864 4344 GLPQo,
883 4276 1008 4327 recenter
1020 4274 1095 4342 quod
1111 4274 1146 4338 R,
1165 4275 1291 4326 recenter

142 4356 240 4422 IPST,
269 4359 395 4410 recenter
413 4356 529 4423 quidem
549 4356 598 4423 11²,
626 4359 737 4409 tantum
757 4356 869 4422 quodq
957 4359 990 4406 24
1011 4356 1083 4407 esset
1104 4354 1129 4406 G
1148 4354 1218 4423 (edd.
1237 4360 1289 4407 aet.

136 4438 240 4505 plures,
255 4436 382 4503 Salmas,
397 4437 522 4505 Bentley)
591 4435 622 4488 id
631 4442 695 4504 post
708 4438 910 4504 prouenturum
924 4435 1005 4488 iterat
1021 4435 1046 4488 G
1113 4439 1146 4487 25
1161 4433 1290 4502 captiuus

143 4517 199 4572 HR
253 4518 366 4584 iosepus
383 4519 421 4571 M
473 4522 505 4569 27
521 4516 785 4584 imperatoriMGd,
806 4516 841 4568 ab
856 4515 1025 4584 imperatore
1039 4517 1064 4568 Τ
1116 4514 1295 4568 eterraPST
