3136 5100
573 366 693 422 GALBA
712 377 777 428 [oar.
795 379 883 429 is—rs}
1238 369 1300 434 281

155 531 319 594 curatione
349 530 547 614 amplissima
577 531 719 613 ornauit,
749 551 809 616 pro
837 529 992 616 Tigillino
1023 531 1119 596 etiam
1152 531 1305 596 saeuitiae

154 637 310 721 populum
335 637 440 702 edicto
464 637 633 720 increpuit.

245 743 306 807 Per
327 742 406 808 haec
424 763 525 828 prope
543 743 702 808 uniuersis
721 743 887 808 ordinibus
907 744 1036 809 offensis
1059 745 1112 810 uel
1131 743 1358 829 praecipualb

154 849 311 936 flagrabat
334 849 458 914 inuidia
484 849 569 934 apud
597 851 724 914 milites.
766 871 841 914 nam
870 869 942 916 oum
972 851 1006 914 in
1033 851 1132 918 uerba
1159 850 1304 916 eiusab

125 983 138 1022 ι
154 957 254 1022 sentis
273 956 454 1021 iurantibus
473 955 660 1021 donatiuum
680 956 833 1043 grandius
853 958 949 1022 solito
970 958 1145 1042 praepositi
1165 979 1303 1041 pronun-

157 1064 425 1146 mussantesque
448 1066 551 1128 ratam
574 1083 641 1127 rem
665 1063 779 1128 habuit
802 1067 834 1128 et
858 1064 992 1129 subinde
1020 1064 1154 1130 iactauit
1176 1063 1304 1150 legere

154 1191 192 1234 se
217 1169 393 1250 militem,
420 1191 495 1234 non
519 1191 640 1235 emere
664 1191 881 1255 consuesse3
914 1175 1010 1255 atque
1033 1192 1071 1237 eo
1095 1171 1224 1255 quidem
1247 1193 1313 1236 no·-

154 1277 240 1340 mino
251 1276 363 1359 omnis,
379 1275 434 1360 qui
448 1276 567 1359 ubique
578 1280 676 1359 eraut,
691 1277 902 1342 exacerbauit.
926 1281 1067 1342 ceterum
1083 1278 1304 1362 praetorianos

154 1384 251 1446 etiam
271 1386 358 1447 metu
374 1387 406 1447 et
424 1383 616 1468 indignitate
636 1383 823 1467 commouit,
841 1405 1012 1449 remouens
1030 1383 1165 1449 subinde
1184 1385 1304 1468 pleror-

110 1514 137 1554 ιι
154 1511 216 1574 que
234 1494 271 1552 ut
294 1493 459 1572 suspectos
482 1494 515 1554 et
537 1488 717 1574 Nymphidi
741 1490 852 1556 socios.
905 1491 960 1556 sed
983 1492 1122 1556 maxime
1146 1490 1304 1555 fremebat
1323 1509 1339 1556 r

153 1596 328 1679 superioris
359 1594 547 1661 Germaniae
576 1598 735 1662 exercitus
763 1597 906 1663 fraudari
937 1619 971 1662 sa
1001 1599 1138 1683 praemis
1169 1602 1304 1663 nauatae

153 1702 307 1767 aduersus
332 1701 440 1768 Gallos
471 1707 503 1767 et
526 1702 695 1769 Vindicem
723 1725 846 1788 operae.
889 1725 966 1791 ergo
994 1705 1091 1789 primi
1116 1704 1303 1788 obsequium
1335 1773 1339 1782 K

152 1830 302 1894 rumpere
321 1811 390 1874 auri
410 1809 481 1876 Kal.
496 1807 561 1874 lan.
581 1809 667 1895 adigi
687 1815 884 1875 sacramento
903 1811 964 1875 nisi
986 1811 1020 1874 in
1038 1831 1155 1875 nomen
1174 1814 1303 1874 senatus

150 1919 339 1981 recusarunt
359 1917 532 2000 statimque
550 1915 744 2003 legationem
762 1918 800 1981 ad
820 1917 1039 2000 praetorianos
1055 1938 1126 1981 cum
1143 1917 1303 1982 mandatis
1325 1958 1327 1962 -

107 2048 134 2088 ιι
152 2023 407 2088 destinauerunt:
432 2023 640 2109 displicere
664 2024 934 2108 imperatorem
959 2024 996 2087 in
1017 2023 1206 2108 Hispania
1226 2023 1302 2087 fac-

151 2135 247 2216 tum3
279 2129 470 2215 eligerent
502 2130 578 2214 ipsi
611 2152 718 2214 quem
753 2131 881 2196 cuncti
914 2129 1108 2194 exercitus
1137 2151 1314 2214 compro-¹

150 2237 296 2302 barent.
339 2217 424 2322 quod
439 2240 475 2301 ut
491 2237 675 2302 nuntiatum
690 2241 746 2320 est,
770 2237 932 2321 despectui
952 2257 1100 2301 essenon
1114 2240 1180 2300 tam
1196 2234 1354 2302 senec-17

150 2349 219 2408 tam
244 2365 334 2408 suam
359 2365 454 2428 quam
478 2343 649 2409 orbitatem
672 2348 774 2427 ratus,
802 2343 953 2407 Pisonem
977 2341 1076 2428 Frugi
1100 2343 1302 2408 Licinianum

150 2449 295 2515 nobilem
310 2451 539 2536 egregiumque
554 2451 702 2514 iuuenem
718 2471 753 2514 ac
767 2449 829 2514 sibi
841 2450 918 2514 olim
933 2449 1197 2533 probatissimum
1207 2452 1302 2513 testa-

106 2559 326 2640 armentoque
345 2577 471 2640 semper
490 2555 523 2619 in
541 2556 626 2620 bona
645 2561 677 2620 et
695 2578 813 2622 nomen
833 2556 989 2621 adscitum
1012 2560 1143 2641 repente
1163 2579 1179 2621 e
1199 2556 1303 2620 media

151 2663 362 2728 salutantium
382 2663 477 2727 turba
494 2663 704 2747 adprehendit
723 2663 889 2747 filiumque
908 2663 1073 2748 appellans
1096 2663 1246 2747 perduxit
1270 2663 1303 2728 in

151 2771 259 2833 castra
276 2791 313 2834 ao
332 2791 390 2854 pro
409 2771 559 2835 contione
577 2770 754 2853 adoptauit,
772 2791 812 2833 ne
832 2773 909 2834 tunc
929 2770 1057 2854 quidem
1077 2769 1221 2834 donatiui
1237 2770 1313 2834 ulla·

150 2875 316 2940 mentione
339 2876 431 2940 facta.
474 2899 538 2959 quo
561 2876 739 2941 faciliorem
764 2877 964 2941 occasionem
988 2876 1030 2940 M.
1051 2874 1160 2939 Saluio
1180 2874 1301 2940 Othoni

150 2982 301 3066 praebuit
323 2982 509 3068 perficiendi
533 2986 646 3046 conata
670 2983 754 3047 intra
777 2987 903 3046 sextum
927 2983 1111 3066 adoptionis
1135 2983 1227 3046 diem.

105 3114 133 3153 ιι
243 3088 360 3175 Magna
383 3094 415 3154 et
438 3089 565 3152 assidua
592 3089 821 3153 monstratam
851 3089 925 3154 inde
949 3112 967 3153 a
990 3088 1150 3173 principio
1179 3091 1300 3153 exitum
1313 3088 1356 3154 18

149 3195 196 3280 ei,
228 3195 330 3280 qualis
359 3195 479 3279 euenit,
505 3195 740 3278 portenderant.
787 3216 859 3260 cum
888 3218 945 3281 per
976 3217 1070 3260 omne
1101 3196 1162 3260 iter
1192 3196 1302 3260 dextra

149 3302 347 3386 sinistraque
366 3302 542 3388 oppidatim
565 3302 715 3366 uictimae
734 3301 949 3386 caederentur,
967 3306 1079 3367 taurus
1098 3303 1218 3366 securis
1237 3302 1302 3365 ictu

150 3413 375 3474 consternatus
398 3414 494 3493 rupto
514 3409 643 3473 uinculo
667 3408 812 3473 essedum
836 3409 903 3472 eius
928 3408 1047 3472 inuasit
1070 3408 1226 3493 elatisque
1250 3430 1302 3492 pe-

149 3516 247 3581 dibus
270 3519 375 3580 totum
400 3537 510 3580 cruore
534 3515 689 3599 perfudit3
713 3536 750 3579 ac
774 3515 1017 3580 descendentem
1040 3516 1222 3600 speculator
1245 3515 1302 3581 im·

103 3647 132 3686 eo
147 3623 248 3710 pulsu
267 3622 380 3688 turbae
393 3624 504 3687 lancea
517 3643 616 3706 prope
632 3621 821 3686 uulnerauit.
863 3621 975 3685 urbem
996 3625 1169 3706 quoquest
1190 3621 1303 3686 deinde

148 3730 311 3796 Palatium
338 3729 517 3816 ingressum
536 3729 662 3813 excepit
681 3731 783 3792 berrae
802 3733 922 3793 tremor
946 3733 977 3792 et
997 3728 1148 3794 assimilis
1173 3727 1302 3812 quidam

225 3871 294 3936 tos.
316 3871 407 3924 Victor
427 3871 500 3924 Caes.
517 3873 576 3934 6,2
595 3869 662 3936 quia
681 3883 747 3936 opes
771 3866 891 3920 militum
917 3867 1001 3921 nimis
1024 3867 1161 3937 pecuniae
1183 3867 1302 3937 cupidus

148 3953 359 4006 attenuauerat.
435 3956 466 4002 18
484 3951 558 4004 Oros.
579 3949 701 4014 VJIs,1
720 3947 850 4001 Pisonem
869 3947 923 4001 sibi
938 3947 1062 4001 nobilem
1076 3947 1302 4018 industriumque

148 4029 362 4086 adulescentem
380 4030 410 4083 in
429 4029 521 4082 tilium
541 4031 625 4096 atque
645 4028 810 4098 integrum
830 4028 979 4096 adoptauit
999 4030 1042 4096 (cf.
1067 4029 1133 4083 Otho
1154 4031 1189 4097 5).

224 4179 412 4242 ιριορθιος
476 4171 621 4225 ordinibus
640 4171 672 4223 ιἰι
690 4187 775 4241 marg.
791 4170 854 4224 add.
872 4169 920 4224 Μ’
988 4169 1109 4223 offensus
1129 4172 1188 4224 XN
1201 4171 1302 4240 (Rota),

146 4253 277 4308 infensus
297 4269 313 4312 ς
331 4252 658 4322 (cfiHerm.40p.190)
742 4256 775 4303 12
795 4250 921 4304 aduersis
937 4252 973 4304 M
1059 4255 1090 4304 13
1111 4251 1184 4321 ausi]
1205 4252 1254 4305 aut
1273 4267 1302 4306 se

147 4335 185 4400 R,
206 4349 240 4387 ac
260 4347 290 4386 se
305 4331 359 4402 HQ
446 4336 478 4384 18
497 4329 632 4384 linianum
647 4331 730 4398 MP¹‚
750 4329 829 4384 licini
854 4331 1048 4385 admodumG
1134 4336 1168 4383 20
1188 4330 1303 4400 insuper

151 4417 239 4482 Tora,
265 4427 355 4481 nuper
374 4411 543 4466 Cornelissen
567 4412 611 4481 (cf.
627 4411 722 4465 Herm.
738 4416 773 4466 37
783 4430 812 4480 p.
830 4413 893 4480 592)
985 4416 1016 4463 31
1037 4413 1128 4464 terrae
1152 4413 1256 4466 tremor
1278 4412 1302 4466 G

147 4495 320 4564 (Erramus),
338 4494 414 4546 terra
434 4494 462 4546 et
480 4494 584 4546 tremor
599 4493 642 4559 M,
661 4493 736 4545 terra
754 4495 874 4546 tremore
888 4493 928 4546 rel
