3136 5100
618 321 719 376 NERO
739 321 803 383 [cua
819 338 906 386 ra—as]
934 367 937 373 .
1255 327 1318 390 257

173 485 260 546 certe
286 502 390 566 neque
418 483 591 548 adueniens
618 506 722 567 neque
753 485 959 568 proficiscens
988 510 1179 571 quemquam
1209 491 1320 554 osculo

168 589 331 670 impertiit
353 611 391 655 ac
413 611 454 656 ne
476 590 706 656 resalutatione
730 591 874 676 quidem3
898 597 930 657 et
952 595 993 656 in·
1006 596 1201 679 auspicando
1225 617 1320 680 opere

167 693 373 780 -lsth[i]mi[i]
403 699 523 782 ¹magna
552 698 733 780 frequentia
762 697 846 762 clare
875 703 917 763 ut
947 699 1021 763 sibi
1047 724 1089 765 ee
1113 703 1255 786 populo
1281 700 1319 765 R.

171 803 267 866 bene
290 825 350 867 res
373 809 545 868 uerteret
569 805 695 887 optauit
719 803 919 872 dissimulata
942 811 1071 872 senatus
1093 809 1264 872 mentione.

144 934 156 973 s
264 907 327 973 Sed
349 932 410 975 nec
436 909 557 994 populo
581 915 638 975 aut
665 911 834 976 moenibus
858 914 981 995 patriae
1003 915 1155 997 pepercit.
1197 913 1374 980 dicente38

172 1016 312 1098 quodam
337 1017 371 1080 in
395 1038 542 1081 sermone
565 1020 728 1082 communi
751 1017 1050 1103 (incutiendam.
1073 1024 1170 1100 513>:

406 1123 488 1207 ἐμοῦ
512 1126 679 1200 θανόντος
701 1136 780 1206 γαῖα
802 1109 970 1210 parperiam
993 1129 1085 1210 aopi,

171 1231 300 1313 immo,
323 1231 438 1312 inquit,
462 1228 557 1312 ἐμοῦ
582 1234 737 1313 ζῶντος,
760 1233 918 1315 planeque
942 1234 987 1296 ita
1009 1233 1093 1298 fecit.
1135 1256 1210 1298 nam
1230 1236 1321 1316 quasi

172 1336 314 1400 offensus
339 1335 543 1399 deformitate
570 1340 716 1400 ueterum
745 1335 963 1402 aedificiorum
987 1343 1019 1402 et
1042 1341 1201 1424 angustiis
1224 1341 1321 1404 flexu-

129 1468 158 1506 10
172 1443 281 1524 risque
304 1443 464 1526 uicorum,
487 1443 629 1506 incendit
651 1443 764 1507 urbem
788 1447 851 1508 tam
878 1447 998 1530 palam,
1020 1451 1058 1510 ut
1080 1447 1225 1531 plerique
1248 1469 1321 1511 eon·

173 1550 293 1612 salares
326 1549 542 1614 cubicularios
575 1551 641 1613 eius
675 1571 747 1613 cum
781 1555 898 1634 stuppa
928 1552 1085 1637 taedaque
1116 1555 1150 1617 in
1182 1553 1320 1637 praediis

173 1657 239 1718 suis
272 1655 486 1738 deprehensos
524 1677 590 1719 non
622 1658 802 1741 attigerint,
839 1662 872 1721 et
904 1659 1058 1740 quaedam
1090 1661 1206 1725 horrea
1239 1663 1321 1726 circa

171 1761 304 1826 domum
338 1761 492 1845 Auream,
525 1785 661 1846 quorum
696 1765 835 1846 spatium
869 1767 1007 1828 maxime
1040 1767 1253 1850 desiderabat,
1284 1771 1321 1831 ut

171 1868 298 1932 bellicis
321 1869 478 1934 machinis
501 1869 660 1933 labefacta
682 1875 778 1952 atque
802 1872 1001 1935 inflammata
1024 1875 1098 1956 sint,
1122 1874 1208 1956 quod
1227 1896 1321 1939 saxeo

126 2002 154 2042 rs
173 1998 266 2040 muro
296 1977 480 2040 constr'uota
507 1981 604 2040 erant.
651 1999 709 2059 per
737 1999 791 2040 sex
823 1977 891 2041 dies
924 1983 1110 2062 septemque
1142 1984 1253 2044 noctes
1284 1998 1355 2045 eac

173 2083 261 2146 clade
286 2085 445 2146 saeuitum
463 2087 522 2153 ,est
550 2084 591 2146 ad
613 2087 894 2149 monumentorum
919 2085 1152 2168 bustorumque
1176 2087 1321 2152 deuerso-

171 2193 220 2253 ria
242 2189 336 2273 plebe
360 2189 534 2272 compulsa.
570 2193 648 2253 tunc
669 2194 796 2272 praeter
824 2193 1015 2255 immensum
1043 2215 1213 2256 nnmerum
1236 2196 1321 2258 insu·

244 2380 328 2442 9sqq.
349 2376 466 2442 Eutrop.
484 2375 546 2427 VII
556 2378 627 2439 14,3
645 2374 743 2427 urbem
757 2375 876 2428 Romam
893 2375 1078 2444 incendit,·ut
1092 2377 1247 2446 spectaculi
1261 2377 1321 2432 eius

172 2455 326 2524 imaginem
346 2456 484 2520 cerneret,
508 2453 587 2521 quali
607 2453 674 2506 olim
697 2453 781 2508 Troia
800 2456 884 2523 capta
904 2459 1018 2509 arserat.
1051 2457 1127 2511 Oros.
1142 2457 1205 2510 VH
1216 2463 1240 2524 7,
1250 2463 1321 2513 4-7

171 2535 249 2588 urbis
264 2535 371 2588 Romae
390 2534 552 2587 incendium
570 2533 727 2603 uoluptatis
747 2550 814 2586 suae
833 2534 1024 2604 spectaculum
1038 2529 1270 2608 fecitthncneqne
1288 2557 1322 2594 ca

171 2615 452 2683 Eutropio,.reliqna
471 2631 504 2672 ea
522 2615 619 2684 Snet.);
644 2630 694 2682 per
712 2630 761 2668 sex
780 2614 840 2668 dies
865 2618 1029 2685 septemque
1047 2619 1143 2672 noctes
1163 2619 1264 2674 ardens
1283 2619 1320 2672 ci·

171 2695 247 2748 uitas
257 2695 351 2763 regios
362 2694 443 2762 pauit
453 2696 595 2763 aspectus,
610 2694 710 2748 horrea
720 2695 828 2763 quadro
838 2697 946 2750 structa
957 2695 1052 2766 lapide
1066 2715 1240 2768 magnaeque
1255 2698 1321 2755 illae

171 2777 299 2828 ueterum
322 2773 444 2839 insulae,
472 2792 541 2841 quas
565 2773 723 2827 discurrens
747 2774 825 2828 adire
848 2775 962 2829 flamma
985 2793 1041 2830 non
1063 2781 1187 2846 poterat,
1210 2780 1320 2850 magnis

170 2853 311 2908 machinis
330 2854 472 2923 quondam
492 2854 528 2906 ad
543 2856 658 2907 externa
677 2853 753 2908 bella
771 2856 947 2924 praeparatis
966 2856 1156 2912 labefactatae
1176 2859 1261 2927 atque
1280 2860 1321 2912 in-

168 2934 332 2994 flammatae
361 2936 439 3002 sunt,
469 2933 505 2986 ad
534 2937 778 2988 monumentorum
803 2933 1003 3004 bustorumque
1030 2935 1191 2998 deuersoria
1213 2937 1321 2991 infelici

169 3014 254 3083 plebe
280 3014 423 3082 conpulsa.
453 3015 528 3082 quod
552 3014 613 3083 ipse
636 3030 670 3067 ex
693 3013 833 3068 altissima
856 3014 907 3068 illa
925 3015 1140 3069 Maecenatiana
1163 3020 1240 3072 turre
1258 3035 1321 3088 pro-

171 3095 303 3164 spectans
328 3093 476 3160 laetusque
502 3093 646 3162 flammae,
672 3099 705 3148 ut
729 3094 837 3162 aiebat,
863 3094 1073 3164 pulchritudine
1092 3097 1201 3167 tragico
1220 3098 1321 3151 habitu

171 3175 216 3243 (cs.
232 3173 351 3242 Entrop.
368 3175 527 3242 V1114‚2)
546 3173 666 3228 lliadam
685 3175 863 3229 decantabat.
893 3175 1031 3230 auaritiae
1051 3177 1145 3229 antem
1163 3179 1222 3230 tam
1241 3194 1320 3248 prae-

169 3257 271 3324 ruptae
296 3255 404 3322 extitit,
428 3258 462 3307 nt
479 3258 544 3324 post
563 3255 616 3308 hoc
639 3255 801 3308 incendium
819 3256 897 3310 urbis
969 3255 1108 3309 neminem
1132 3257 1169 3309 ad
1187 3257 1321 3326 reliquias

169 3351 264 3388 rerum
287 3351 401 3388 suarum
425 3336 504 3389 adire
527 3335 699 3406 permiserit3
723 3339 837 3402 cuncta,
861 3353 933 3404 qnae
956 3335 1087 3390 flammae
1107 3337 1321 3405 quoquomodo

170 3414 376 3486 superfuerant,
395 3414 457 3484 ipse
476 3416 595 3469 abstulit
613 3433 664 3484 eqa.
694 3417 780 3471 Sobel.
796 3418 908 3471 Maeni
922 3423 948 3483 1,
963 3421 1017 3471 605
1033 3417 1075 3471 W.
1094 3417 1182 3485 Nero,
1200 3420 1232 3470 ut
1252 3418 1322 3472 dicit

170 3495 330 3561 Suetonius,
348 3494 417 3550 fecit
436 3495 553 3549 immitti
571 3496 666 3566 ignem
685 3497 715 3550 in
733 3496 862 3566 pluribus
874 3497 959 3563 locis,
977 3499 1010 3550 ut
1024 3499 1128 3551 stratae
1143 3498 1322 3552 reficerentur

169 3575 300 3641 maiores,
319 3575 388 3641 quia
407 3575 528 3629 timebat
546 3575 666 3629 interfici
684 3576 714 3628 in
733 3577 788 3630 uiis
807 3577 920 3632 strictis.

243 3741 259 3788 2
278 3751 362 3804 opere
378 3734 486 3788 sthimii
501 3735 580 3806 (irth-
591 3737 627 3803 R,
642 3737 712 3791 sith·
722 3740 753 3791 Π
756 3738 774 3808 ¹)
786 3738 877 3793 Mer
888 3737 1007 3809 (isthmii
1017 3738 1077 3807 11²),
1092 3738 1279 3808 operisthimii
1286 3742 1322 3805 L,

169 3831 253 3884 opere
272 3813 367 3868 thimii
382 3815 458 3871 PST
527 3822 543 3869 3
563 3816 631 3871 dare
646 3821 675 3870 X
734 3818 777 3890 ac]
798 3834 815 3870 a
829 3824 859 3872 X
922 3823 939 3871 4
958 3817 1114 3873 intentione
1132 3822 1156 3872 T
1222 3824 1237 3871 6
1258 3836 1321 3872 oon-

169 3895 242 3948 ninii
257 3912 274 3954 ς
293 3895 429 3966 (Erneete)
481 3901 496 3948 ‘1
513 3898 594 3952 Toto
608 3901 661 3951 XT
716 3899 879 3951 ΜΙΧΘΗΤω
896 3900 939 3966 M,
960 3898 1133 3954 ΜὰΧΟΝΤω
1149 3898 1198 3954 LS
1214 3899 1256 3968 (in
1274 3901 1324 3954 boc

169 3975 190 4030 Ε
201 3991 255 4044 pro
271 3976 308 4045 O)
363 3993 397 4030 es.
417 3992 462 4030 me
472 3976 611 4032 moriente
620 3977 650 4030 in
660 3992 694 4030 ea
707 3977 774 4048 igne
788 3981 819 4031 in
833 3980 868 4045 L,
878 3994 923 4032 me
936 3978 1074 4032 moriente
1086 3994 1150 4032 mea
1165 3982 1323 4033 crementur

168 4056 236 4125 igne
251 4056 319 4111 ens
381 4061 398 4108 8
417 4055 485 4126 ἐμοῦ
505 4057 536 4112 dt
560 4061 662 4122 ζῶντος
683 4059 837 4125 Turnebus,
860 4075 894 4113 sa.
913 4075 958 4112 me
976 4059 1092 4112 uiuente
1106 4059 1155 4113 Ls
1224 4065 1257 4112 12
1277 4063 1321 4114 co-

167 4135 323 4204 prehensos
340 4137 366 4191 G
457 4143 490 4189 13
511 4136 692 4191 desiderabat
709 4139 742 4191 nt
761 4138 798 4208 (d.
817 4139 848 4191 in
863 4139 894 4208 Q,
914 4139 940 4192 d.
959 4139 990 4192 ni
1009 4141 1036 4208 ς)
1050 4141 1085 4206 a,
1109 4138 1323 4193 desiderabatur

168 4219 228 4270 Iac.
241 4215 371 4283 Gronov,
386 4218 516 4272 lncwnam
530 4218 634 4272 anbcese
648 4220 806 4287 auspicatur
822 4219 901 4286 Ond,
914 4220 947 4272 ut
961 4219 1011 4274 det.
1022 4219 1192 4274 caeream
1204 4235 1238 4273 en
1251 4221 1321 4274 coni.

175 4297 270 4363 Wolfii
284 4297 329 4366 (cf.
344 4297 450 4352 Becher
467 4298 569 4352 obsera.
589 4316 616 4366 p.
627 4303 673 4365 81,
692 4300 741 4368 qni
758 4301 905 4368 transponi
917 4301 980 4355 nnlt
992 4299 1078 4354 certa
1095 4301 1181 4366 atque
1195 4299 1245 4352 inf.
1264 4300 1322 4354 siut

163 4383 232 4446 post
250 4378 411 4431 constructa
430 4379 520 4448 erant)
595 4383 628 4431 14
646 4378 820 4433 labefactata
839 4382 914 4450 nnlp.
931 4381 975 4449 (cf.
994 4380 1079 4449 Oros.)
1152 4381 1250 4450 atque]
1269 4397 1322 4435 nec

168 4457 411 4525 acerrimaeque
430 4458 548 4528 Bentley
621 4465 653 4512 16
673 4459 830 4515 diuersoria
843 4463 869 4513 a

225 4553 361 4596 Surorrvs
376 4557 411 4596 ed.
424 4558 491 4598 Ihm.
519 4559 538 4598 1.
1073 4557 1105 4604 17
