3108 5102
517 311 706 406 cirnamvs
726 361 791 411 [aar.
807 362 904 412 11-u]‚
1217 349 1280 414 301

134 517 197 580 fuit
212 537 290 580 cena
305 517 379 581 data
398 516 427 580 ei
442 515 655 580 aduenticiaa
674 514 782 596 fratre,
805 515 840 578 in
863 536 926 597 qua
951 514 1014 578 duo
1038 513 1127 577 milia
1149 511 1283 576 lectissi-

134 645 261 687 morum
276 624 423 706 piscium,
438 625 560 706 septem
575 621 683 686 auinm
699 621 847 705 apposita
861 619 1038 684 traduntur.
1060 619 1144 684 hanc
1156 640 1283 702 quoque

134 731 324 814 exuperauit
337 731 406 813 ipse
421 729 619 794 dedicatione
634 729 771 813 patinae,
791 750 887 811 quam
902 727 942 790 ob
958 727 1146 790 immensam
1161 727 1283 812 magni·

133 837 278 902 tudinem
302 836 467 919 clipeum
490 835 684 900 Mineruae
708 835 923 918 πολιούχου
946 833 1123 898 dictitabat.
1166 834 1200 896 in
1222 833 1284 897 hac

101 968 116 1008 s
135 965 300 1008 scarorum
318 943 467 1026 iocinera,
488 942 715 1025 phasianarum
736 946 768 1006 et
785 963 950 1027 pauonum
970 940 1132 1022 cerebella,
1155 939 1283 1024 linguas

135 1049 432 1134 phoenicopterum,
459 1071 662 1114 murenarum
691 1049 790 1114 lactes
814 1071 833 1112 a
856 1047 988 1112 Parthia
1012 1069 1113 1131 usque
1135 1047 1283 1130 fretoque

134 1155 312 1240 Hispanico
347 1178 404 1239 per
431 1155 611 1221 nauarchos
639 1177 675 1219 ac
702 1155 849 1219 triremes
874 1155 1048 1238 petitarum
1072 1153 1282 1218 commiscuit.

134 1266 171 1326 ut
191 1267 297 1327 autem
316 1263 414 1327 homo
433 1284 499 1327 non
517 1262 695 1346 profundae
709 1262 805 1327 modo
821 1262 877 1325 sed
891 1261 1137 1345 intempestiuae
1153 1277 1317 1344 quoquae
1378 1335 1385 1344 „

135 1391 171 1433 ac
191 1370 337 1434 sordidae
356 1370 459 1455 gulae,
481 1391 522 1435 ne
541 1369 574 1433 in
594 1369 751 1434 sacrificio
772 1369 902 1452 quidem
921 1390 1074 1452 umquam
1094 1371 1149 1431 aut
1167 1366 1282 1431 itinere

87 1503 119 1541 ιο
134 1477 202 1542 ullo
230 1477 437 1561 temperauit,
471 1477 551 1560 quin
578 1477 662 1541 inter
689 1476 803 1540 altaria
831 1474 950 1540 ibidem
980 1475 1091 1538 statim
1121 1475 1227 1538 uiscus
1251 1477 1283 1537 et

134 1585 228 1648 farris
247 1586 365 1668 tpaene
389 1588 481 1668 rapta
500 1606 516 1647 e
541 1583 612 1648 foco
636 1583 801 1647 manderet
825 1573 973 1665 circaque
997 1581 1122 1644 uiarum
1146 1579 1282 1664 popinas

133 1691 292 1754 fumantia
316 1691 452 1755 obsonia
474 1691 525 1754 vel
548 1690 696 1775 pridiana
719 1694 818 1773 atque
842 1712 972 1754 semesa.

224 1797 347 1863 Pronus
378 1820 455 1862 uero
486 1798 526 1863 ad
557 1797 788 1879 cuiuscumque
819 1800 850 1860 et
882 1817 1086 1879 quacumque
1117 1794 1155 1857 de
1186 1791 1335 1858 causal4

132 1927 243 1969 necem
273 1910 372 1988 atque
400 1904 593 1989 supplicium
607 1903 748 1982 „nobiles
775 1904 877 1988 uiros,
908 1901 1143 1986 condiscipulos
1173 1906 1205 1965 et
1232 1921 1281 1963 ae·

89 2033 117 2074 is
135 2011 246 2095 quales
277 2035 366 2096 suos,
397 2011 547 2084 omnibns
561 1999 744 2076 “blanditiis
774 2014 901 2074 tantum
930 2031 997 2074 non
1026 2008 1065 2072 ad
1096 2008 1281 2072 societatem

132 2119 261 2202 imperii
285 2119 489 2184 adlicefactos
513 2118 603 2182 uario
628 2140 743 2204 genere
766 2117 887 2182 fraudis
912 2116 1040 2199 occidit,
1065 2116 1161 2180 etiam
1180 2137 1280 2178 unum

131 2247 257 2290 ueneno
279 2248 377 2290 manu
401 2247 459 2288 sua
482 2229 630 2309 porrecto
653 2225 687 2288 in
711 2245 813 2308 aquae
841 2224 976 2309 frigidae
1003 2223 1150 2307 potione,
1184 2244 1280 2304 quam

131 2333 160 2396 is
192 2332 335 2396 adfectus
365 2333 453 2398 febre
483 2337 683 2415 poposcerat.
729 2337 798 2396 tum
828 2331 1064 2396 faeneratorum
1095 2333 1127 2393 et
1150 2327 1316 2412 stipulas

132 2444 242 2502 torum
264 2439 583 2523 publicanorumque,
609 2439 665 2521 qui
688 2461 843 2522 umquam
865 2460 898 2502 sc
919 2441 974 2502 aut
994 2437 1113 2501 Romae
1137 2435 1280 2500 debitum

88 2567 118 2606 ao
132 2551 189 2610 aut
217 2546 252 2609 in
278 2545 333 2610 uia
356 2545 538 2629 portorium
562 2544 770 2631 flagitassent,
801 2545 856 2610 uix
879 2545 939 2609 ulli
961 2543 1118 2628 pepercit,
1151 2564 1190 2606 ex
1214 2542 1281 2625 qui·

132 2653 193 2717 bus
225 2653 382 2736 quendam
416 2654 451 2717 in
480 2654 550 2737 ipsa
582 2652 773 2717 salutatione
797 2651 956 2736 supplicio
979 2651 1135 2715 traditum
1160 2648 1283 2712 statim·

133 2781 197 2842 que
220 2763 415 2842 reuocatum,
440 2760 563 2825 cunctis
588 2759 790 2824 clementiam
812 2757 1028 2841 laudantibus,
1056 2777 1163 2821 coram
1186 2755 1282 2820 inter·

131 2865 186 2929 fici
210 2866 317 2951 iussit,
340 2868 441 2930 uelle
465 2889 504 2932 se·
526 2867 634 2931 dicens
653 2887 810 2950 pascere
830 2866 975 2950 oculos,
1006 2864 1137 2928 alterius
1161 2883 1281 2946 poenae

133 2973 214 3036 duos
234 2973 319 3037 filios
339 2973 457 3039 adiecit
475 2973 637 3059 deprecari
656 2995 715 3056 pro
735 2977 825 3057 patre
844 2976 986 3036 conatos.
1014 2970 1069 3034 sel
1089 2974 1120 3034 at
1139 2969 1280 3052 equitem
1300 2982 1315 3029 3

91 3100 117 3139 aa
133 3079 171 3143 R.
192 3081 453 3163 proclamantem,
473 3102 545 3144 cum
564 3084 730 3164 raperetur
749 3079 788 3144 ad
806 3101 956 3164 poenam:
980 3078 1090 3141 heres
1108 3097 1211 3140 meus
1230 3095 1282 3155 cc,

132 3185 285 3250 exhibere
320 3188 505 3250 testamenti
540 3187 667 3251 tabulas
703 3186 818 3272 coegit,
853 3191 955 3268 utque
983 3184 1064 3271 legit
1094 3179 1281 3246 coheredem

132 3293 197 3356 sibi
220 3292 372 3358 libertum
397 3295 466 3358 eius
490 3294 677 3378 ascriptum,
700 3292 840 3378 iugulari
864 3313 937 3356 cum
959 3290 1077 3356 liberto
1101 3287 1281 3372 imperauit.

132 3399 288 3483 quosdam
318 3404 350 3464 et
381 3401 418 3465 de
448 3400 542 3485 plebe
573 3401 614 3464 ob
646 3400 678 3464 id
709 3400 824 3483 ipsum,
860 3398 946 3482 quod
975 3396 1117 3462 Venetae
1148 3395 1282 3459 factioni

132 3507 217 3570 clare
241 3508 324 3571 male
349 3507 503 3588 dixerant,
530 3507 694 3572 interemit
722 3509 909 3591 contemptu
933 3506 981 3569 sui
1007 3509 1039 3568 ct
1061 3526 1147 3568 noua
1170 3524 1225 3585 spe
1249 3500 1282 3564 id

206 3689 219 3734 1
240 3682 307 3736 data
325 3685 368 3736 est
387 3682 413 3736 ei
433 3690 493 3752 (ora.
507 3683 611 3752 scibit
688 3681 850 3735 aduenticia
868 3698 919 3735 om.
933 3681 989 3734 TN
1051 3685 1074 3736 ‚3
1094 3678 1124 3731 in
1138 3684 1203 3747 post
1221 3676 1282 3746 ipse

131 3762 196 3816 add.
213 3763 248 3816 H
316 3769 332 3816 4
347 3762 547 3816 ΤΟΝΔΥΧΟΥ
563 3764 595 3832 td
606 3765 692 3830 prod
707 3763 739 3816 ia
751 3763 813 3831 ΥΤ)
824 3764 858 3826 a,
878 3779 946 3816 corr.
961 3763 992 3814 ic
1006 3761 1065 3814 edd.
1080 3764 1131 3814 aet.
1148 3758 1236 3826 (Rom.
1248 3757 1282 3809 H

131 3844 189 3912 at),
207 3859 242 3896 ac.
258 3845 301 3895 art
315 3841 451 3896 ambabus
467 3845 497 3896 ia
506 3842 555 3896 Ls
626 3842 752 3895 dictabat
768 3844 810 3908 M,
825 3841 995 3895 dictitabant
1012 3841 1037 3896 G
1110 3844 1125 3892 5
1140 3854 1282 3892 scarorum

131 3939 274 3976 sacrorum
290 3925 327 3977 M
396 3922 566 3976 fasianamm
581 3921 660 3991 (fass-
677 3921 780 3990 Mas)
798 3922 941 3990 MGLPS,
960 3921 1131 3974 fasianornm
1150 3917 1230 3987 (fass-
1244 3917 1281 3981 R)

130 4002 165 4055 Η
168 4004 228 4070 rN,
247 4002 475 4070 fasianorumque
493 4003 518 4055 Τ
572 4019 695 4071 paonnm
711 4002 774 4057 Mc
829 3999 1145 4070 6phoenicopterorum
1160 3997 1233 4052 Rota
1378 3990 1381 3998 ’

130 4083 233 4151 pathia
251 4084 279 4139 R
298 4085 478 4152 (coniecerant
502 4081 666 4152 Carpathio,
690 4080 813 4148 Carteia,
837 4080 1002 4149 carpetano)
1112 4083 1281 4130 lnauarcos

133 4163 252 4219 MGXR
361 4170 393 4216 11
413 4162 488 4216 farra
507 4180 523 4221 ς
547 4165 597 4232 (ed.
613 4165 693 4218 Rom.
708 4164 766 4231 ΙΙ),
792 4161 873 4215 farris
897 4160 987 4214 frusta
1011 4161 1091 4230 (stra
1110 4161 1132 4228 e)
1148 4177 1176 4227 ς,
1200 4157 1281 4210 farris

131 4259 221 4313 grana
238 4243 317 4309 Ocd,
336 4242 483 4296 farcimina
502 4245 630 4312 Bentley,
653 4242 713 4295 liba
733 4241 815 4295 farris
834 4243 920 4308 Roth,
943 4240 1026 4294 farris
1050 4255 1136 4308 panes
1156 4240 1214 4308 (hoc
1228 4253 1282 4306 pro

131 4325 231 4392 paene)
248 4323 282 4377 G.
297 4325 399 4378 Becker·
470 4323 655 4377 mandatela
729 4327 761 4376 13
779 4322 807 4375 et
821 4337 997 4390 quacumque
1011 4322 1043 4374 ia
1056 4336 1142 4389 marp.
1157 4318 1221 4372 add.
1234 4316 1282 4372 Μ’

133 4408 166 4456 1ὄ
185 4420 242 4456 non
256 4421 307 4458 om.
324 4407 362 4458 M
451 4409 483 4457 18
502 4405 563 4494 turn
582 4405 659 4472 (tunc
678 4404 787 4471 ΜΤ,
806 4404 866 4455 tam
882 4401 952 4465 Mc,
972 4399 1030 4453 iam
1044 4399 1197 4454 Sulraasics
1215 4404 1282 4453 recte

126 4492 198 4554 pcto
213 4485 258 4552 (cf.
273 4486 329 4539 Iul.
344 4486 391 4552 27)
447 4490 480 4538 26
495 4475 606 4572 tribulas
621 4481 784 4536 testamenti
801 4481 826 4536 G
879 4481 978 4548 utique
989 4483 1032 4546 M,
1047 4479 1151 4546 ubique
1165 4477 1282 4533 Salmas.

601 4642 615 4674 0
858 4589 891 4864 1,
920 4907 922 4911 V
