3142 5112
454 341 561 396 DIVVS
580 339 769 396 AVGVSTVS
789 351 855 402 [011.
871 351 958 402 10-10]
1223 340 1266 404 59

120 523 186 580 cum
211 504 384 589 Cleopatra
412 505 616 590 confugerat,
648 502 741 568 breui
771 501 895 587 potitus
924 508 981 567 est.
1027 507 1060 567 et
1087 501 1302 569 Antonium4

121 609 243 692 quidem
273 633 362 676 seras
390 611 594 676 condiciones
623 611 712 695 pacis
735 613 949 693 temptantem
973 610 1012 674 ad
1036 612 1173 674 mortem
1196 609 1267 674 ade·

120 716 166 802 git
187 718 336 802 uiditque
359 721 531 782 mortuum.
577 717 774 800 Cleopatrae,
798 737 893 799 quam
917 721 1077 782 seruatam
1101 715 1267 800 triumpho

120 845 232 910 magno
257 845 355 908 opere
379 823 542 909 cupiebat,
570 823 668 888 etiam
692 823 815 907 psyllos
839 823 996 906 admouit,
1024 824 1080 907 qui
1108 843 1266 887 uenenum

98 951 155 992 sao
184 931 276 996 uirus
308 936 496 1017 exugerent,
530 929 616 1015 quod
649 931 770 1013 perisse
798 952 907 993 morsu
936 929 1055 1014 aspidis
1083 927 1267 1013 putabatur.

121 1037 276 1102 ambobus
301 1057 503 1102 communem
528 1039 711 1121 sepulturae
734 1035 890 1100 honorem
914 1035 1030 1100 tribuit
1052 1057 1087 1100 ac
1106 1035 1267 1100 tumulum

122 1143 157 1206 ab
185 1143 265 1228 ipsis
293 1143 480 1208 incohatum
512 1143 622 1227 perfici
653 1143 756 1208 iussit.
802 1141 980 1206 Antonium
1010 1141 1172 1226 iuuenem,
1203 1155 1303 1206 mae

30 1287 31 1294 .
121 1249 217 1314 iorem
242 1251 281 1314 de
305 1251 430 1314 duobus
454 1249 571 1314 Fuluia
588 1249 717 1336 genitis,
741 1249 913 1314 simulacro
932 1248 1009 1314 Diui
1032 1247 1104 1332 Iuli,
1123 1247 1163 1312 ad
1181 1247 1268 1332 quod

122 1360 192 1438 post
215 1358 334 1422 multas
358 1362 390 1420 et
414 1356 521 1421 irritas
545 1378 655 1441 preces
679 1357 877 1442 confugerat,
903 1355 1073 1440 abreptum
1096 1354 1268 1420 interemit.

90 1489 110 1526 10
123 1463 194 1528 item
216 1462 450 1548 Caesarionem,
470 1485 565 1547 quem
585 1485 624 1526 ex
638 1461 773 1526 Caesare
792 1466 884 1546 patre
900 1461 1071 1547 Cleopatra
1085 1462 1269 1546 concepisse

30 1595 31 1610 ³
122 1570 333 1652 praedicabat,
356 1574 529 1634 retractum
554 1592 571 1634 0
595 1570 673 1656 fuga
696 1569 856 1653 supplicio
880 1569 1007 1634 adfecit.
1044 1569 1185 1652 reliquos
1203 1567 1269 1632 An·

123 1676 229 1761 toni[i]
259 1677 452 1763 reginaeque
485 1698 670 1741 communes
698 1675 817 1740 liberos
849 1698 916 1740 non
943 1697 1034 1740 secus
1066 1698 1103 1740 ac
1134 1675 1271 1740 necessi-

113 1784 229 1858 tudine
262 1785 390 1848 iunotos
422 1785 485 1848 sibi
518 1788 550 1846 et
582 1783 788 1847 conseruauit
821 1787 853 1846 01
885 1805 960 1846 mox
992 1804 1051 1866 pro
1084 1781 1269 1846 condicione

124 1893 274 1975 cuiusque
297 1891 451 1954 sustinuit
474 1911 511 1953 ac
534 1890 627 1954 fouit.
668 1889 832 1974 peridem
856 1893 983 1972 tempus
1003 1887 1218 1952 conditorium
1238 1882 1322 1950 0118

93 2020 113 2060 ia
126 2019 237 2081 corpus
256 1997 368 2083 Magni
387 1996 571 2079 Alexandri,
596 2017 669 2060 cum
688 1997 848 2079 prolatum
868 2017 885 2058 e
904 1995 1060 2079 penetrali
1080 1993 1269 2058 subiecisset

126 2105 235 2188 oculis,
264 2125 381 2168 corona
409 2126 504 2172 aurea
532 2102 685 2186 imposita
713 2125 750 2168 ac
777 2101 913 2165 floribus
937 2101 1076 2185 aspersis
1099 2105 1269 2165 ueneratus

126 2215 171 2275 est
197 2212 440 2294 consultusque,
471 2232 549 2274 num
578 2215 611 2274 et
638 2209 859 2274 Ptolemaeum
890 2210 1047 2292 inspicere
1074 2208 1185 2290 uellet,
1213 2229 1269 2270 re-

126 2338 201 2402 gem
230 2340 267 2382 se
295 2318 468 2382 uoluisse
498 2318 544 2382 ait
575 2316 719 2399 uidere,
751 2337 826 2379 non
855 2318 1036 2379 mortuos.
1082 2313 1304 2399 Aegyptuma

127 2424 157 2486 in
179 2425 364 2508 prouinciae
391 2425 525 2488 formam
557 2423 716 2509 redactam
745 2426 781 2486 ut
804 2422 991 2487 feraciorem
1015 2421 1270 2504 habilioremque

30 2549 31 2580 ÷
93 2553 115 2591 10
127 2553 265 2596 annonae
294 2532 422 2596 urbicae
451 2529 609 2611 redderet,
641 2529 745 2594 fossas
774 2529 892 2612 omnia,
926 2528 960 2591 in
988 2550 1067 2612 quas
1095 2527 1191 2592 Nilus
1219 2550 1271 2590 ex-

127 2643 255 2719 aestuat,
274 2639 446 2712 oblimstas
465 2637 563 2722 longa
581 2639 743 2700 uetustate
756 2634 890 2699 militari
909 2657 1004 2718 opere
1023 2635 1163 2698 detersit.
1194 2656 1271 2717 quo·

129 2766 184 2827 que
213 2745 361 2810 Actiacae
391 2745 547 2808 uictoriae
580 2741 734 2806 memoria
762 2741 954 2806 celebratior
985 2747 1018 2806 et
1044 2742 1078 2804 in
1105 2746 1270 2824 posterum

129 2857 217 2935 esset,
245 2853 357 2916 urbem
380 2850 566 2934 Nicopolim
595 2850 681 2933 apud
703 2848 834 2914 Actium
859 2848 1001 2913 condidit
1024 2848 1181 2932 ludosque
1205 2849 1271 2911 illic

131 2958 377 3041 quinquennales
402 2957 572 3023 constituit
596 2962 628 3020 et
652 2957 806 3040 ampliato
830 2961 938 3019 uetere
962 2947 1125 3038 Apollinis
1148 2956 1271 3038 templo

196 3215 306 3268 30100.
326 3215 372 3268 VI
386 3218 431 3278 19,
445 3217 482 3266 18
507 3211 655 3280 Cleopatra
678 3213 828 3280 postquam
854 3227 883 3264 se
908 3212 944 3262 ad
967 3211 1140 3279 triumphum
1165 3209 1271 3262 seruari

133 3291 271 3362 intellexit,
290 3293 481 3348 uoluntariam
499 3295 617 3346 mortem
636 3295 734 3362 petens
754 3292 905 3360 serpentis,
928 3293 962 3343 ut
980 3294 1108 3359 putatur,
1129 3307 1223 3343 morsu
1242 3290 1272 3341 in

134 3372 236 3428 sinistro
264 3377 343 3428 10010
371 3373 487 3426 brachio
516 3373 652 3425 exanimis
681 3371 798 3424 inuenta
827 3374 883 3437 est,
911 3371 1016 3423 frustra
1040 3370 1157 3424 Caesare
1186 3370 1272 3422 etiam

134 3454 229 3520 psyllos
249 3454 426 3518 admonente,
447 3453 495 3520 qui
514 3468 624 3505 uenena
643 3455 802 3520 serpentum
824 3467 838 3504 e
857 3451 1021 3504 uulneribus
1039 3450 1184 3503 hominurn
1204 3449 1271 3501 hau·

30 3523 31 3568 l
134 3535 172 3585 stu
189 3550 319 3588 reuocare
339 3523 424 3601 atque
443 3549 576 3602 exsugere
592 3533 690 3586 solent.
724 3534 757 3598 cf.
773 3533 890 3600 Eutrop.
912 3533 1001 3585 V117
1020 3530 1096 3584 Sero.
1112 3531 1181 3583 Aen.
1198 3528 1277 3582 VIII

134 3617 182 3666 697
261 3621 295 3667 10
314 3615 349 3680 cf.
370 3614 456 3667 Sobel.
477 3615 584 3666 Laeua.
601 3614 631 3666 X
645 3616 682 3666 76
765 3618 797 3665 18
817 3613 895 3680 Epir.
911 3617 936 3676 1,
952 3615 969 3664 4
987 3611 1131 3679 regionem
1149 3609 1272 3678 Aegypti

134 3693 309 3748 inundatione
327 3692 388 3746 Nili
406 3710 520 3747 accessu
540 3692 685 3745 difficilem
708 3692 871 3759 inuiamque
890 3691 1042 3760 paludibus
1062 3691 1091 3743 in
1110 3690 1272 3758 prouinciae

134 3771 244 3827 formam
261 3773 379 3843 redegit.
418 3780 443 3838 1,
459 3779 475 3827 5
495 3789 580 3840 quam
594 3776 627 3826 ut
641 3789 768 3825 annonae
783 3773 860 3826 urbis
876 3773 1018 3841 copiosam
1034 3771 1164 3836 efficeret,
1184 3769 1273 3822 fossas

135 3852 233 3984 igauna
256 3854 408 3908 uetustatis
427 3854 494 3906 limo
519 3853 628 3906 clausas
651 3851 748 3905 labore
772 3852 895 3906 militurn
918 3851 1061 3920 patefecit.
1100 3851 1134 3916 cf.
1155 3850 1271 3917 Eutrop.

160 3936 231 3988 117.
251 3940 269 3989 9

201 4149 388 4203 3mortemG
460 4146 776 4201 101111101101161Ρ1111
849 4146 919 4198 800
938 4143 1020 4210 ΤῬ’,
1040 4161 1089 4197 om.
1107 4144 1274 4208 MGVLP¹‚

138 4228 220 4281 1101101
239 4231 311 4284 eorl
325 4245 359 4282 ex
426 4228 610 4295 9abreptum
626 4227 697 4292 GR,
717 4241 774 4277 arr·
789 4227 834 4279 rel.
850 4224 916 4293 (11.9)
982 4230 1015 4277 10
1034 4227 1115 4293 patre
1129 4226 1220 4294 (partq
1236 4225 1273 4292 V)
1332 4263 1335 4270 .

139 4311 216 4360 oum
285 4315 317 4363 15
338 4308 522 4364 subiecissent
538 4308 634 4361 Medd.
709 4311 742 4359 16
762 4306 883 4374 aspersis
898 4305 974 4359 HL*
994 4304 1125 4374 (00111),
1145 4321 1274 4372 aspersus

142 4385 172 4438 Μ
175 4387 213 4454 X',
230 4393 345 4458 asperari
361 4391 473 4458 (asperii
486 4388 516 4458 Q,
536 4403 636 4455 aspero
647 4387 698 4454 11¹)
712 4386 774 4453 Gr,
795 4386 900 4453 asperis
911 4388 944 4439 N
1014 4390 1046 4438 17
1067 4384 1274 4438 Ptolemaeeum

142 4463 288 4540 Bernepper,
307 4471 423 4540 Bentley
497 4473 530 4520 20
549 4483 644 4520 omnes
663 4465 753 4519 fossas
775 4467 800 4520 G
