3166 5106
589 352 756 406 TIBERIVS
775 364 840 414 [mr.
856 363 944 414 cr-ss]
1276 354 1339 418 155

189 516 254 580 suli
277 517 390 581 uetuit.
432 514 538 580 uicina
557 538 633 581 uero
653 516 726 581 urbi
745 516 874 581 oracula
892 517 990 580 etiam
1009 515 1187 602 dis[s]icere
1207 520 1339 582 conatus

191 626 253 705 est,
286 623 341 689 sed
374 623 541 688 maiestate
568 622 849 688 Praenestinarum
881 624 1017 688 sortium
1045 625 1178 688 territus
1207 623 1340 706 destitit,

190 751 265 808 cum
289 729 477 816 obsignatas
503 729 715 813 deuectasque
738 729 875 795 Romam
903 751 969 794 non
992 732 1186 815 repperisset
1209 731 1244 794 in
1267 752 1340 795 arca

189 836 252 900 nisi
280 837 382 902 relata
409 857 520 901 rursus
544 836 584 900 ad
605 838 772 920 templum.
815 859 915 901 unum
939 841 971 902 et
995 838 1131 902 alterum
1155 836 1374 902 consularesa
1460 862 1465 874 ·

138 968 172 1009 -s
189 942 309 1008 oblatis
333 943 510 1026 prouinciis
534 965 601 1007 non
622 965 719 1008 ausus
743 966 762 1007 a
780 965 813 1008 se
833 943 996 1009 dimittere
1014 965 1116 1029 usque
1135 966 1173 1009 eo
1193 943 1340 1027 detinuit,

190 1049 290 1115 donee
328 1070 527 1114 successores
569 1053 643 1134 post
681 1049 807 1134 aliquot
843 1072 944 1117 annos
981 1051 1204 1135 praesentibus
1242 1051 1339 1134 daret,

190 1178 263 1220 oum
291 1156 422 1222 interim
450 1160 600 1223 manente
627 1156 727 1221 officii
759 1157 856 1221 titulo
885 1157 982 1222 etiam
1011 1157 1173 1243 delegaret
1200 1156 1340 1240 plurima

189 1263 329 1347 assidue,
359 1285 443 1346 quae
476 1263 525 1326 illi
552 1285 611 1347 per
637 1263 761 1350 legatos
789 1267 822 1328 et
854 1264 1016 1328 adiutores
1046 1285 1121 1329 suos
1154 1265 1340 1348 exequenda

188 1375 345 1434 curarent.
387 1393 504 1435 nurum
527 1391 564 1434 ao
579 1373 720 1453 'nepotes
748 1393 926 1454 numquam
949 1369 1043 1437 aliter
1064 1375 1139 1456 post
1163 1369 1392 1438 damnatio-64

135 1504 170 1544 so
185 1477 262 1543 nem
286 1499 383 1561 quam
404 1477 570 1542 catenatos
589 1478 768 1560 obsutaque
791 1477 906 1542 lectica
928 1477 999 1542 loeo
1023 1478 1141 1562 mouit,
1164 1477 1338 1562 prohibitis

185 1605 245 1668 per
267 1585 403 1649 militem
433 1584 539 1648 obuiis
567 1606 605 1649 ae
632 1585 811 1648 uiatoribus
839 1585 998 1669 respicere
1025 1607 1160 1669 usquam
1188 1585 1242 1650 uel
1264 1606 1338 1650 con·

186 1692 310 1756 sistere.
1303 1761 1305 1766 .

277 1796 429 1864 Seianum
452 1819 503 1862 res
527 1819 629 1862 nouas
652 1797 853 1880 molientem,
881 1800 1030 1882 quamuis
1054 1798 1117 1861 iam
1142 1801 1174 1862 et
1196 1797 1390 1872 natalcm65

185 1904 255 1970 eius
279 1904 410 1988 publice
434 1904 588 1970 celebrari
612 1908 645 1968 et
668 1904 825 1991 imagines
849 1927 960 1970 aureas
979 1906 1043 1970 ooli
1066 1907 1186 1988 passim
1204 1905 1338 1987 uideret,

139 2038 170 2079 ss
185 2013 245 2075 uix
268 2011 399 2078 taudem
424 2016 456 2076 et
474 2015 547 2075 astu
565 2012 670 2098 magis
688 2033 726 2076 ac
745 2012 820 2077 dolo
840 2033 936 2095 quam
955 2011 1127 2095 principali
1146 2011 1338 2076 auctoritate

185 2118 355 2182 subuertit.
397 2141 471 2182 nam
494 2119 614 2202 primo,
638 2122 675 2183 ut
698 2141 716 2181 a
740 2139 773 2183 se
796 2141 854 2202 per
878 2119 1017 2203 speciem
1040 2119 1173 2184 honoris
1197 2119 1338 2183 dimitte-

184 2229 243 2309 ret,
267 2224 425 2312 collegam
449 2224 512 2290 sibi
535 2225 712 2308 assumpsit
735 2226 769 2288 in
787 2226 900 2309 quinto
920 2225 1099 2309 consulatu,
1123 2248 1218 2309 quem
1237 2227 1336 2312 longo

183 2332 357 2396 interuallo
382 2332 497 2396 absens
521 2333 562 2397 ob
590 2333 624 2396 id
652 2333 758 2416 ipsum
782 2337 973 2416 susceperat.
1015 2332 1129 2404 deinde
1153 2355 1209 2416 spa
1233 2333 1337 2398 affini·

183 2439 262 2504 tatis
285 2460 322 2503 ao
344 2439 536 2504 tribuniciae
559 2440 730 2523 potestatis
755 2440 924 2524 deceptum
947 2440 1169 2525 inopinantem
1190 2439 1336 2505 crimina-

133 2573 170 2613 ao
184 2551 239 2612 tus
263 2550 312 2611 est
334 2546 484 2630 pudenda
507 2547 751 2631 miserandaque
775 2547 928 2631 oratione,
952 2568 1025 2612 eum
1044 2547 1129 2613 inter
1147 2547 1210 2612 alia
1227 2551 1336 2631 patres

185 2654 387 2736 conscriptos
416 2657 616 2737 precaretur,
643 2653 810 2719 mitterent
837 2655 975 2718 alterum
1003 2676 1020 2719 e
1048 2654 1248 2738 oonsulibus,
1281 2655 1336 2739 qui

185 2781 221 2824 se
244 2781 353 2824 senem
377 2762 409 2823 et
433 2759 538 2824 solum
561 2761 595 2824 in
619 2765 827 2844 conspectum
850 2783 962 2825 eorum
982 2782 1054 2825 cum
1073 2761 1182 2845 aliquo
1202 2762 1288 2826 milit
1328 2761 1334 2774 '

184 2866 346 2950 praesidio
369 2865 567 2951 perduceret.
609 2867 656 2933 sio
680 2889 807 2952 quoque
832 2867 981 2933 diffidens
1009 2869 1248 2952 tumultumque
1271 2891 1370 2938 mea

185 2978 279 3039 tuens
308 2973 449 3038 Drusum
481 2979 647 3058 nepotem,
680 2996 776 3058 quem
805 2975 945 3040 uinculis
978 2970 1082 3040 adhuc
1109 2973 1232 3040 Romae
1263 2997 1335 3040 eon-

136 3081 323 3163 retinebat,
347 3080 444 3164 solui,
473 3081 501 3145 si
527 3103 578 3146 res
602 3085 761 3165 posceret,
790 3082 966 3165 ducemque
991 3082 1146 3146 constitui
1168 3103 1336 3166 praecepe-

184 3191 243 3250 rat.
286 3187 405 3271 aptatis
433 3187 531 3252 etiam
559 3188 697 3253 nauibus
725 3188 766 3251 ad
789 3208 1007 3273 quascumque
1035 3188 1179 3274 legiones
1203 3188 1334 3253 medita-

184 3294 281 3358 batur
298 3293 419 3380 fugam,
438 3295 696 3378 speculabundus
712 3317 751 3360 ex
765 3295 923 3360 altissima
940 3316 1020 3380 rupe
1039 3295 1214 3360 identidem
1234 3296 1335 3381 signa,

185 3423 280 3484 quae,
308 3422 348 3464 ne
375 3400 482 3465 nuntii
505 3405 721 3486 morarentur,
743 3402 815 3466 tolli
839 3401 965 3486 procul,
988 3406 1025 3465 ut
1049 3402 1189 3485 quidque
1212 3403 1334 3466 factum

184 3507 282 3590 foret,
315 3506 531 3573 mandauerat.
577 3530 691 3572 uerum
724 3513 755 3572 et
788 3515 942 3592 oppressa
971 3509 1192 3574 coniuratione
1226 3508 1334 3574 Seiani

258 3775 291 3824 13
312 3771 387 3825 Oros.
405 3772 465 3824 VII
479 3777 534 3838 4,8
556 3772 688 3826 Seianum
706 3771 881 3842 praefectum
901 3791 983 3826 suum
1000 3789 1044 3826 res
1063 3790 1151 3828 nouas
1170 3773 1333 3828 molientem

183 3849 335 3905 interiecit.
364 3852 399 3918 of.
415 3853 585 3906 Eicbch

257 4099 270 4145 1
291 4092 410 4146 disicere
427 4093 452 4144 Τ
538 4099 554 4146 4
573 4092 678 4146 relatas
696 4096 720 4145 Τ
802 4100 817 4146 5
838 4110 922 4146 ausus
943 4109 959 4146 a
978 4095 1019 4164 se]
1040 4109 1108 4147 ausa
1127 4111 1156 4147 se
1177 4097 1224 4161 M,
1249 4111 1333 4148 ausus

185 4173 261 4227 LPS
279 4177 305 4241 (a
325 4189 354 4226 se
365 4179 429 4242 post
444 4171 586 4226 dimittere
606 4174 637 4225 iu
655 4191 740 4243 scarp.
756 4174 820 4227 odd.
837 4176 867 4226 io
883 4176 921 4242 P)
996 4175 1040 4244 eo]
1060 4191 1092 4227 eo
1112 4191 1140 4242 se
1156 4177 1199 4241 M,
1219 4175 1289 4229 adeo
1306 4178 1336 4229 Π

183 4258 199 4307 8
219 4254 408 4322 assidueque)
425 4252 482 4306 GH
494 4255 599 4323 (culp),
619 4252 787 4321 assidueque
801 4270 873 4321 quae
888 4255 1014 4308 adluat.
1030 4258 1102 4308 1510
1176 4262 1208 4308 14
1227 4256 1334 4324 passim

183 4331 280 4387 coliG
341 4337 372 4385 17
394 4333 551 4401 absumpsit
567 4334 638 4398 MR,
659 4334 720 4388 ads·
734 4334 909 4403 GPSfflosc)
970 4340 1004 4387 24
1022 4336 1249 4404 pronepotemG
1303 4336 1332 4389 in

182 4413 304 4467 uinculis
322 4413 347 4467 G
362 4413 519 4482 (Graecias)
609 4420 642 4467 25
667 4416 766 4468 ducem
782 4418 825 4480 M,
845 4417 873 4467 et
897 4413 996 4467 ducem
1015 4415 1169 4469 Salmasius
1186 4416 1250 4481 fort.
1264 4423 1336 4472 recte·

183 4497 217 4544 26
237 4491 383 4562 apparatis
397 4493 514 4563 Bentley
600 4500 634 4546 28
653 4510 688 4547 ne
707 4511 757 4549 om.
780 4499 803 4549 Y
