3142 5112
495 384 604 438 DlVl'S
623 384 742 438 IVLIVS
762 395 827 444 [car.
843 395 931 444 ao-aa]
1248 383 1292 444 43

148 551 242 632 quod
264 572 340 613 non
362 548 465 612 ultra
484 548 643 612 Martias
667 547 755 612 Idus
777 542 1026 630 proferretur.
1063 546 1166 629 pridie
1185 549 1292 610 autem
1312 562 1328 608 3

148 656 266 720 easdem
291 655 366 720 Idus
390 677 482 720 auem
505 654 696 741 regaliolum
716 675 788 718 cum
808 655 917 718 laureo
937 653 1060 718 ramulo
1078 651 1293 736 Pompeianae

148 764 247 826 curiae
276 783 310 826 se
337 761 528 826 inferentem
555 763 704 825 uolucres
731 761 814 825 uarii
842 761 969 847 generis
998 781 1036 824 ex
1064 758 1212 843 proximo
1240 781 1292 822 ne-

147 891 231 933 more
253 873 439 952 persecutae
463 868 582 932 ibidem
607 869 853 953 discerpserunt.
894 889 930 932 ea
953 889 1030 932 uero
1053 871 1157 947 nocte,
1176 867 1227 930 cui
1246 867 1292 930 in·

123 977 225 1039 eluxit
249 976 317 1039 dies
341 976 454 1058 caedis,
478 979 510 1038 et
533 976 601 1057 ipse
624 974 688 1039 sibi
712 976 802 1038 uisus
825 977 875 1037 est
894 996 952 1058 per
970 975 1110 1056 quietem
1130 969 1291 1037 interdum

147 1105 239 1166 supra
267 1083 370 1146 nubes
401 1083 551 1164 uolitare,
584 1081 663 1145 alias
695 1103 766 1144 oum
798 1079 874 1144 Ioue
905 1079 1050 1144 dextram
1080 1081 1225 1164 iungere3
1260 1083 1292 1142 et

148 1188 317 1274 Calpurnia
339 1210 422 1252 uxor
444 1189 621 1275 imaginata
644 1193 693 1252 est
717 1186 844 1252 conlabi
867 1186 1032 1272 fastigium
1061 1186 1175 1250 domus
1199 1186 1292 1249 mari-

37 1343 39 1350 >
146 1301 275 1380 tumque
294 1297 328 1359 in
347 1296 471 1382 gremio
492 1317 550 1359 suo
570 1295 711 1380 confodi3
731 1315 767 1358 ac
787 1294 895 1358 subito
914 1293 1055 1357 cubiculi
1073 1292 1159 1356 fores
1178 1296 1292 1376 sponte

146 1407 324 1485 patuerunt.

115 1533 136 1570 o
231 1507 281 1574 Ob
305 1509 384 1574 haec
408 1509 505 1574 simul
525 1514 557 1573 et
576 1508 617 1572 ob
638 1509 798 1572 infirmam
818 1507 1029 1572 ualitudinem
1050 1507 1104 1570 diu
1124 1509 1292 1570 cunctatus
1312 1523 1328 1568 4

148 1637 185 1678 an
213 1638 247 1680 se
278 1617 457 1681 contineret
487 1621 520 1679 et
550 1637 631 1699 quae
662 1615 747 1698 apud
777 1619 924 1678 senatum
954 1617 1168 1698 proposuerat
1199 1633 1293 1697 agere

149 1723 297 1806 differret,
321 1724 449 1788 tandem
473 1723 607 1788 Decimo
632 1722 734 1786 Bruto
759 1721 963 1804 adhortante,
987 1715 1031 1784 'ne
1054 1721 1232 1803 frequentis
1256 1741 1293 1783 ac

96 1873 99 1876 -
149 1830 206 1893 iam
238 1830 360 1893 dudum
393 1830 591 1914 opperientis
625 1829 827 1912 destitueret,
865 1829 978 1912 quinta
1010 1829 1077 1891 fere
1108 1827 1189 1890 hora
1221 1848 1293 1909 pre-

149 1925 269 2020 gressus
302 1941 353 2000 est
384 1936 595 2019 libellumque
629 1936 817 2000 insidiarum
850 1934 985 2000 indicem
1018 1935 1058 1998 ab
1088 1934 1186 1998 obuio
1214 1955 1292 2016 quo·

117 2062 137 2102 a
150 2043 215 2106 dam
242 2048 426 2128 porrectum
454 2043 573 2108 libellis
602 2045 729 2124 ceteris,
764 2063 845 2124 quos
874 2042 1004 2106 sinistra
1028 2063 1124 2104 manu
1153 2040 1292 2121 tenebat,

150 2151 234 2232 quasi
261 2172 338 2214 mox
367 2150 509 2214 lecturus
543 2150 755 2214 commiscuit.
802 2149 875 2212 dein
907 2147 1055 2231 pluribus
1083 2147 1198 2210 hostiis
1226 2167 1292 2209 cae·

150 2256 202 2340 sis,
229 2277 301 2321 cum
330 2257 424 2320 litare
451 2278 517 2320 non
545 2261 668 2340 posset,
696 2257 823 2320 introiit
851 2257 972 2319 curiam
1001 2259 1108 2338 spreta
1138 2252 1292 2338 religione

150 2360 402 2447 Spurinnamque
429 2363 565 2427 irridens
589 2367 621 2426 et
644 2367 681 2426 ut
703 2362 820 2426 falsum
845 2383 996 2447 arguenS,
1025 2359 1111 2444 quod
1135 2361 1203 2423 sine
1226 2358 1293 2422 ulla

150 2491 201 2533 sua
225 2493 311 2534 noxa
338 2470 414 2534 Idus
445 2469 580 2534 Martiae
611 2470 769 2534 adessent:
801 2491 984 2552 quanquam
1017 2467 1043 2530 is
1071 2468 1197 2530 uenisse
1225 2466 1293 2549 qui-

116 2574 213 2640 aodem
237 2599 291 2642 eas
316 2577 447 2657 diceret,
476 2576 531 2640 sed
558 2597 624 2640 non
652 2577 851 2660 praeterisse.
897 2574 1090 2638 assidentem
1116 2572 1292 2657 conspirati
1302 2567 1346 2632 8⁶2

150 2685 244 2764 specie
280 2685 381 2749 officii
413 2686 707 2762 circumsteterunt,
739 2684 877 2766 ilicoque
911 2681 1041 2746 Cimber
1073 2681 1203 2758 Tillius,
1237 2681 1292 2764 qui

150 2791 261 2870 primas
286 2795 395 2874 partes
420 2795 612 2874 susceperat,
638 2791 729 2874 quasi
754 2789 876 2872 aliquid
899 2793 1071 2874 rogaturus
1090 2790 1224 2872 propius
1244 2808 1293 2850 ao-

151 2883 237 2961 cessit
264 2898 476 2980 renuentique
507 2903 538 2962 et
567 2897 723 2983 gestulm]
748 2897 782 2960 in
805 2896 892 2960 eliud
915 2900 1043 2978 tempus
1068 2895 1227 2958 differenti
1252 2894 1292 2958 ab

151 3007 279 3088 utroque
306 3025 418 3068 umero
448 3010 558 3089 togam
587 3003 810 3087 adprehendit,
843 3002 957 3067 deinde
986 3002 1190 3066 clamantem:
1217 3003 1293 3065 ista

117 3111 293 3189 squidem
325 3113 383 3175 uis
414 3112 484 3176 est!
516 3111 597 3175 alter
628 3110 777 3174 eCascis
806 3132 955 3174 auersum
984 3109 1133 3172 uulnerat
1160 3108 1292 3191 paulum

152 3215 226 3280 infra
255 3219 413 3304 iugulum.
458 3223 573 3282 Caesar
603 3217 719 3280 Cascae
753 3216 922 3280 brachium
959 3221 1123 3299 arreptum
1156 3213 1327 3299 graphica

151 3325 268 3388 traiecit
292 3329 491 3408 conatusque
514 3325 662 3409 prosilire
686 3324 750 3388 alio
773 3325 907 3386 uulnere
935 3322 1079 3386 tardatus
1104 3325 1165 3404 est,
1193 3324 1292 3403 utque

153 3429 371 3495 animaduertit
394 3431 536 3514 undique
560 3453 594 3495 se
617 3433 739 3495 strictis
767 3431 964 3516 pugionibus
988 3430 1069 3512 peti,
1096 3434 1173 3513 toga
1197 3432 1293 3509 caput

153 3534 304 3622 obuoluit,
333 3538 430 3602 simul
458 3538 588 3602 sinistra
616 3545 711 3601 mhnu
741 3539 847 3600 sinum
875 3538 914 3600 ad
942 3537 1007 3599 ima
1036 3557 1128 3598 crura
1152 3534 1293 3615 deduxit,

119 3659 210 3724 ³0quo
237 3645 402 3709 honestius
430 3646 556 3708 caderet
586 3645 683 3708 etiam
712 3645 863 3707 inferiore
892 3642 1036 3726 corporis
1063 3644 1155 3724 parte
1178 3641 1293 3704 uelata.

218 3873 515 3929 taureoGVL¹P¹O¹
589 3874 673 3926 3eG
746 3873 993 3926 tilexteramXH
1064 3871 1292 3939 SapouteouaG

154 3956 182 4002 11
201 3959 293 4022 ageret
309 3959 344 4010 M
349 3957 389 4008 ¹V
474 3961 505 4007 13
529 3954 690 4006 distitueret
710 3969 724 4005 e
745 3955 781 4006 M
871 3959 904 4004 14
928 3952 1050 4004 indicem
1069 3951 1235 4003 insidiarum
1256 3949 1291 4000 X‘

154 4031 275 4098 (indicem
294 4053 343 4090 cor.
364 4038 391 4104 d)
474 4035 538 4088 ouio
558 4036 594 4086 M
601 4035 683 4100 Voe,
708 4051 775 4086 corr.
800 4035 830 4084 ia
846 4051 929 4101 estorp.
947 4035 972 4084 Γ
1046 4038 1079 4082 20
1099 4030 1253 4099 comparati
1272 4033 1296 4082 Y

155 4113 224 4178 (coir.
239 4118 267 4168 ia
278 4119 318 4182 H,
337 4118 369 4168 ia
379 4116 406 4168 a
420 4133 453 4168 ss.
468 4113 484 4166 l
499 4115 662 4183 conspirati)
736 4121 768 4166 21
790 4113 1028 4166 circumstiterunt
1044 4112 1124 4165 ΜΨ
1192 4109 1293 4162 Tillius

156 4193 307 4262 thamutica,
321 4195 420 4248 tullius
431 4199 456 4247 a
467 4193 565 4263 (tullus
577 4197 603 4262 ὃ)
677 4201 710 4246 23
725 4193 929 4258 rennuentique
942 4193 1003 4246 ΜΘ
1011 4191 1140 4245 VLPOd
1212 4193 1293 4258 gestu

157 4271 213 4339 tias
282 4283 315 4328 24
335 4275 507 4329 clamantiG
580 4281 613 4326 25
633 4292 647 4326 e
668 4273 760 4327 Cascis
782 4275 945 4336 Beroaldus,
966 4290 979 4324 e
999 4272 1096 4324 cassiis
1111 4273 1180 4336 Md,
1204 4288 1293 4323 ccas-

155 4351 225 4418 siil',
249 4356 336 4408 casias
358 4357 395 4423 G,
425 4355 531 4408 cassius
551 4359 579 4406 X
586 4358 609 4406 Τ
671 4355 820 4406 aduersum
842 4353 1001 4406 Gchrrr
1067 4358 1099 4404 26
1120 4350 1216 4420 gulam
1233 4352 1258 4404 G

156 4447 244 4487 caecae
263 4439 325 4507 (ce)
344 4440 367 4488 Τ
388 4436 485 4505 (etiam
504 4435 654 4503 casched),
684 4434 775 4486 casiae
798 4434 836 4497 G,
866 4432 948 4484 cassii
970 4432 1045 4485 MX'
1138 4435 1249 4499 arrepto
1269 4435 1297 4482 X

156 4516 185 4562 30
202 4515 321 4570 reuelata
342 4519 368 4571 V
