3142 5112
482 364 591 418 nrvvs
610 364 801 420 avsvsrvs
821 377 990 444 rema-u]
1269 364 1309 428 87

161 530 343 613 spectacula
365 528 514 612 frequens
538 533 570 592 et
593 528 748 612 laureata3
778 551 852 592 mox
877 530 910 592 in
933 531 1022 593 curia
1044 533 1182 611 senatus,
1204 550 1310 611 neque

160 636 286 700 decreto
310 657 414 718 neque
437 635 685 718 adclamatione,
711 635 767 700 sed
791 657 848 719 per
870 634 1036 700 Valerium
1059 635 1239 700 Messalam.
1283 635 1345 699 isa

159 742 386 807 mandantibus
419 742 692 825 cunctis:,quod
722 742 874 825 bonum,
907 743 1026 826 inquit,
1058 742 1310 825 faustumque

159 849 214 912 sit
245 849 323 913 tibi
356 849 565 932 domuique
597 854 698 932 tuae,
732 847 870 914 Caesar
901 847 1088 934 Auguste!
1122 849 1178 913 sio
1210 849 1309 912 enim

131 977 226 1020 snos
255 959 479 1040 perpetuam
507 956 740 1021 felicitatem
769 955 825 1021 rei
852 979 882 1040 p.
911 959 948 1018 et
980 957 1082 1020 laeta
1110 956 1199 1021 huic
1226 977 1310 1038 pre·

158 1063 238 1128 cari
272 1062 553 1127 existimamus:
587 1068 742 1128 senatus
775 1067 812 1125 te
844 1063 1095 1127 consentiens
1129 1083 1211 1126 oum
1244 1083 1309 1146 po-

156 1170 250 1253 pulo
280 1168 318 1233 R.
350 1171 571 1234 consalutat
600 1170 749 1254 patriae
779 1172 933 1253 patrem.
983 1170 1035 1234 cui
1063 1169 1235 1233 lacrimans
1263 1191 1310 1232 re·

156 1275 290 1360 spondit
318 1274 486 1362 Augustus
516 1276 567 1340 his
598 1275 705 1341 uerbis
730 1313 771 1322 -
796 1277 866 1359 ipsa
895 1275 995 1359 enim,
1030 1277 1114 1340 sicut
1143 1275 1308 1357 Messalae,

155 1383 254 1465 posui
278 1409 332 1448 -:
357 1404 510 1467 compos
534 1383 660 1448 factus
688 1386 866 1447 uotorum
890 1404 1073 1468 meorum,
1100 1405 1130 1466 p.
1150 1403 1190 1466 o.,
1218 1383 1308 1467 quid

118 1489 278 1556 rehabeo
306 1489 414 1554 aliud
437 1489 526 1553 deos
550 1490 789 1554 immortales
812 1491 977 1572 precari,
1005 1511 1115 1572 quam
1144 1493 1186 1552 ut
1209 1489 1309 1556 hunc

156 1618 384 1662 consensum
416 1601 586 1661 uestrum
619 1596 664 1660 ad
701 1596 879 1660 ultimum
915 1596 1033 1660 finem
1070 1597 1176 1661 uitae
1212 1596 1307 1660 mihi

155 1704 329 1786 perferre
352 1703 494 1768 liceat?

246 1809 371 1875 Medico
395 1809 539 1875 Antonio
567 1809 690 1893 Musae,
719 1811 810 1874 cuius
839 1833 936 1893 opera
964 1833 1003 1874 ex
1030 1809 1164 1895 ancipiti
1193 1806 1360 1874 morbolitl

155 1917 379 1997 conuulnerat,
412 1921 551 1982 statuam
583 1940 655 1983 aere
688 1917 816 1982 conlato
850 1917 940 1982 iuxta
973 1919 1100 2003 signum
1134 1915 1307 2001 Aesculapi

117 2049 141 2090 ra
156 2027 345 2088 statuerunt.
388 2023 537 2089 nonnulli
560 2029 688 2109 patrum
713 2024 908 2088 familiarum
931 2028 1124 2088 testamento
1145 2027 1306 2107 sanarunt,

155 2135 191 2194 ut
214 2130 256 2194 ab
280 2131 452 2195 heredibus
481 2132 546 2196 suis
574 2133 718 2216 praelato
746 2131 843 2194 titulo
867 2131 1028 2195 uictumae
1052 2131 1086 2194 in
1110 2129 1306 2214 Capitolium

155 2237 350 2303 ducerentur
380 2242 559 2321 uotumque
590 2261 650 2322 pro
683 2260 716 2303 se
749 2237 944 2321 solueretur,
981 2238 1067 2321 quod
1100 2238 1303 2321 superstitem

155 2349 341 2430 Augustum
368 2345 583 2429 reliquissent.
626 2344 781 2427 quaedam
805 2343 917 2410 Italiae
941 2345 1090 2410 ciuitates
1119 2344 1219 2426 diem,
1243 2366 1307 2427 quo

152 2452 296 2534 primum
321 2450 360 2515 ad
384 2473 417 2516 se
440 2453 595 2534 uenisset,
622 2453 750 2516 initium
775 2453 851 2516 anni
873 2452 1025 2516 iecerunt.
1067 2453 1306 2536 prouinciarum

115 2583 140 2622 ao
153 2557 327 2643 pleraeque
357 2581 454 2643 super
481 2561 601 2642 templa
629 2564 662 2624 et
690 2581 759 2624 aras
782 2559 876 2624 ludos
901 2581 1029 2642 quoque
1053 2559 1306 2642 quinquennales

152 2687 254 2748 paene
287 2665 466 2749 oppidatim
495 2667 740 2730 constituerunt.
786 2688 878 2752 reges
908 2667 1003 2728 amici
1034 2669 1130 2748 atque
1161 2666 1240 2731 socii
1272 2671 1303 2730 et
1311 2660 1359 2726 60

153 2772 275 2856 singuli
297 2773 332 2836 in
356 2794 414 2836 suo
438 2773 574 2856 quisque
602 2793 701 2857 regno
727 2771 895 2837 Caesareas
919 2772 1013 2836 urbes
1037 2772 1250 2836 condiderunt
1273 2777 1306 2837 et

153 2880 263 2942 cuncti
287 2880 383 2944 simul
406 2880 516 2944 aedem
540 2879 628 2944 Iouis
648 2877 791 2963 Olympii
814 2877 951 2942 Athenis
975 2880 1152 2963 antiquitus
1177 2880 1305 2944 incoha-

152 2988 220 3048 tam
244 2985 397 3070 perficere
425 2986 588 3050 communi
617 2991 748 3068 sumptu
776 2985 1018 3050 destinauerunt
1046 2983 1210 3069 Genioque
1236 2987 1304 3049 eius

115 3115 139 3156 rs
152 3093 313 3176 dedicare3
346 3115 383 3156 ac
411 3113 504 3177 saepe
531 3093 639 3178 regnis
671 3092 792 3158 relictis
821 3114 887 3157 non
914 3091 1037 3156 Romae
1064 3092 1159 3157 modo
1190 3092 1245 3156 sed
1273 3097 1304 3156 et

151 3200 337 3283 prouincias
367 3201 550 3284 peragranti
582 3200 742 3266 cotidiana
775 3198 882 3264 officia
912 3200 1015 3283 togati
1047 3220 1084 3262 ac
1114 3199 1182 3264 sine
1215 3200 1303 3283 regio

152 3305 273 3392 insigni
298 3328 386 3370 more
410 3307 575 3371 clientium
599 3306 836 3389 praestiterunt.

243 3413 402 3490 Quoniam
428 3413 531 3496 qualis
555 3415 590 3477 in
617 3414 747 3496 imperis
776 3434 812 3476 ac
835 3413 1078 3497 magistratibus
1101 3413 1303 3498 regendaque
1312 3405 1355 3470 61

226 3614 257 3660 21
284 3609 402 3675 Eutrep.
424 3609 581 3672 V1110,3
606 3607 686 3659 tanto
713 3608 808 3658 autem
834 3622 928 3658 amore
955 3606 1042 3659 etiam
1067 3606 1143 3673 apud
1170 3605 1303 3658 barbaros

152 3688 215 3755 fuit,
234 3691 268 3741 ut
286 3703 367 3757 reges
385 3687 484 3756 populi
507 3686 627 3740 Romani
646 3686 728 3738 amici
753 3685 783 3737 in
802 3686 934 3739 honorem
954 3686 1013 3740 eius
1033 3686 1185 3739 conderent
1204 3685 1303 3738 ciuita-

151 3771 203 3835 tes,
228 3785 298 3836 quas
323 3766 473 3821 Caesareas
496 3767 680 3821 nominarent.
755 3772 787 3818 25
812 3767 849 3819 id.
877 3768 937 3820 l'II
951 3771 1026 3830 10,4
1050 3766 1133 3819 multi
1154 3809 1158 3820 .
1176 3809 1180 3817 .
1199 3808 1203 3817 .
1223 3781 1303 3832 reges

152 3865 186 3902 ex
204 3848 300 3918 regnis
320 3847 378 3901 suis
396 3850 547 3912 uenerunt,
570 3849 603 3899 ut
626 3848 652 3899 ei
676 3847 908 3913 obsequerentur,
932 3849 961 3900 et
980 3846 1079 3899 habitu
1099 3846 1238 3911 Romane,
1262 3850 1302 3899 to-

151 3929 212 3997 gati
232 3928 351 3993 scilicet,
370 3927 406 3980 ad
424 3927 586 3981 uehiculum
605 3927 652 3980 uel
671 3944 774 3993 equum
792 3927 881 3994 ipsius
901 3930 1088 3980 cucurrerunt,
1146 3932 1179 3978 28
1188 3943 1246 3993 sqq.
1267 3927 1302 3991 of.

154 4010 292 4062 Einhard.
310 4013 345 4062 18
361 4009 408 4078 (ud
422 4009 477 4062 Iul.
493 4012 527 4061 44
543 4026 571 4075 p.
587 4011 700 4075 23,13).
738 4009 775 4060 id.
791 4012 808 4059 4
827 4007 863 4059 ad
883 4011 962 4060 actus
982 4009 1010 4059 et
1029 4023 1119 4060 mores
1139 4007 1302 4073 ceterasque

151 4089 230 4142 uitae
244 4089 322 4142 illius
336 4091 431 4157 partes
446 4089 490 4157 (cf.
502 4091 575 4158 Aup.
588 4090 633 4156 72)
644 4086 826 4155 explicandas
842 4103 874 4140 ac
890 4087 1122 4141 demonstrandas
1134 4089 1178 4154 (of.
1193 4088 1262 4155 Aap.
1275 4091 1301 4154 9)

224 4265 239 4310 2
258 4259 283 4312 is
300 4258 544 4325 M¹GVL¹(P¹?),
564 4256 593 4308 id
612 4257 682 4321 w,
701 4271 756 4308 uon
772 4257 819 4309 ST
823 4257 838 4320 ¹,
859 4257 907 4310 del,
922 4256 1017 4319 ΜΨ,
1036 4258 1108 4309 duae
1126 4257 1169 4309 uel
1183 4263 1235 4309 tres
1250 4257 1300 4308 litt.

152 4340 329 4393 masoeinP
394 4339 465 4408 tet]
481 4338 633 4406 utBeatloy
702 4336 794 4388 ordini
800 4343 862 4404 post
873 4337 938 4388 huic
948 4339 1037 4404 suppl.
1050 4338 1136 4400 Tora,
1156 4336 1219 4388 urbi
1232 4337 1301 4388 Oud.

152 4421 245 4488 (Roth)
301 4420 504 4489 tenposuitG
559 4424 591 4470 1s
611 4417 745 4470 uictimae
758 4418 837 4469 Gar
896 4422 927 4468 19
948 4433 1041 4469 soom.
1059 4416 1106 4470 Μι
1161 4422 1194 4468 23
1214 4415 1301 4483 olym-

151 4499 212 4567 phii
227 4503 270 4567 M,
290 4500 458 4569 olimpiciY
528 4504 561 4550 25
582 4515 614 4550 ao
634 4499 657 4550 si
677 4496 831 4566 peregrinis
853 4498 878 4550 G
951 4499 979 4548 et
998 4499 1095 4549 (ΜΤ
