3108 5102
553 367 741 422 VITELLIVS
762 380 827 430 [car.
839 381 899 430 a-u]
1235 371 1299 436 297

147 530 320 595 uoluntate
347 531 468 615 dispari
496 535 528 594 et
555 532 800 596 existimatione.
850 533 884 596 in
911 515 1078 617 prouincia
1105 533 1301 620 singularem
1335 533 1337 538 ’

149 638 370 702 innocentiam
388 638 551 721 praestitit
569 638 700 703 biennio
720 638 918 723 continuato,
942 661 1015 704 cum
1035 641 1221 705 succedenti
1238 642 1301 706 fra·

149 744 195 808 tri
217 744 345 830 legatus
369 743 578 831 substitisset3
601 750 635 809 at
658 745 692 808 in
715 745 839 811 urbano
864 746 971 811 officio
992 747 1075 811 dona
1094 752 1190 833 atque
1209 769 1300 812 orna-

149 855 262 916 menta
276 850 471 935 templorum
486 837 684 936 subripuisse
698 856 731 916 et
740 857 952 918 commutasse
967 855 1123 938 quaedam
1138 854 1302 919 ferebatur

120 979 275 1041 sproque
298 979 376 1021 auro
401 962 433 1022 et
456 962 590 1042 argento
614 963 765 1045 stagnum
789 963 821 1023 et
844 961 1061 1024 aurichalcum
1085 963 1299 1046 supposuisse.

241 1062 384 1129 onrem
405 1063 520 1129 habuit
541 1064 727 1130 Petroniam
751 1065 928 1130 consularis
950 1067 1014 1131 uiri
1032 1067 1134 1132 filiam
1152 1072 1185 1133 et
1204 1091 1242 1132 ex
1262 1068 1337 1132 eaG

150 1171 256 1234 filium
284 1170 513 1235 Petronianum
544 1177 673 1256 captum
703 1173 805 1237 altero
834 1173 938 1238 oculo.
988 1174 1075 1238 hunc
1102 1175 1252 1240 heredem
1283 1200 1301 1240 a

151 1281 256 1341 matre
284 1277 343 1341 sub
368 1277 554 1342 condicione
577 1280 771 1362 institutum,
799 1280 826 1344 si
850 1279 888 1344 de
911 1284 1071 1365 potestate
1095 1283 1197 1366 patris
1221 1283 1301 1346 exis-

152 1386 211 1466 set,
234 1406 333 1448 manu
350 1385 457 1448 emisit
476 1384 640 1469 breuique,
663 1391 700 1450 ut
718 1386 876 1451 creditum
896 1392 953 1471 est,
976 1388 1149 1472 interemit,
1168 1389 1301 1454 insimu-

110 1515 137 1554 1o
151 1490 256 1554 latum
279 1490 410 1575 insuper
432 1491 595 1575 parricidii
618 1496 651 1556 et
674 1492 765 1577 quasi
788 1498 937 1577 paratum
961 1495 1001 1558 ad
1020 1496 1123 1560 scelus
1142 1518 1302 1561 uenenum

153 1619 193 1660 ex
230 1597 424 1661 conscientia
460 1597 627 1664 hausisset.
682 1599 775 1663 duxit
814 1622 890 1663 mox
923 1599 1081 1666 Galeriam
1114 1601 1302 1668 Fundanam

152 1705 316 1788 praetorio
350 1708 442 1788 patre
477 1726 514 1768 ac
543 1705 582 1768 (le
611 1705 672 1770 hac
702 1728 830 1791 quoque
859 1706 979 1772 liberos
1009 1709 1177 1794 utriusque
1208 1732 1302 1775 sexus

151 1811 244 1894 tulit,
271 1810 326 1874 sed
353 1833 475 1875 marem
503 1812 678 1876 titubantia
707 1813 772 1876 oris
800 1835 901 1897 prope
924 1818 1050 1879 mutum
1075 1820 1107 1880 et
1130 1817 1301 1904 elinguem.

242 1915 273 1980 A
293 1916 395 1982 Galba
414 1919 448 1982 in
465 1917 651 1983 inferiorem
667 1918 870 1984 Germaniam
891 1925 1002 1984 contra
1021 1922 1205 2006 opinionem
1225 1919 1335 1988 mis-7

111 2050 138 2088 ra
153 2046 208 2088 sus
233 2028 289 2089 est.
332 2025 477 2088 adiutum
500 2028 616 2108 putant
639 2024 673 2089 Τ.
689 2025 767 2090 Vini
792 2027 954 2112 suffragia,
985 2034 1063 2092 tunc
1086 2030 1303 2113 potentissimi

154 2135 186 2194 et
211 2131 262 2194 cui
285 2133 349 2196 iam
372 2132 495 2216 pridem
518 2153 576 2215 per
599 2154 799 2197 communem
823 2134 974 2198 factionis
993 2134 1135 2200 Venetae
1158 2137 1303 2202 fauorem

155 2239 344 2302 conciliatus
368 2242 465 2323 esset,
488 2239 552 2303 nisi
576 2239 662 2323 quod
686 2238 789 2328 Galba
811 2262 887 2324 prae
911 2263 944 2305 se
967 2241 1043 2306 tulit
1065 2243 1173 2307 nullos
1196 2245 1303 2308 minus

154 2345 343 2409 metuendos
372 2367 467 2428 quam
491 2346 547 2429 qui
571 2345 609 2409 de
633 2347 701 2409 solo
724 2347 814 2411 uictu
839 2349 1026 2436 cogitarent,
1054 2371 1090 2413 ac
1114 2371 1208 2433 posse
1231 2373 1303 2435 pro-

154 2451 348 2516 uincialibus
378 2453 480 2536 copiis
509 2453 701 2536 profundam
732 2455 842 2538 gulam
872 2454 940 2518 eius
971 2456 1101 2542 expleri,
1134 2462 1171 2521 ut
1201 2457 1303 2522 cuiuis

48 2596 51 2600 -
111 2581 139 2622 ro
154 2558 285 2622 euidens
326 2561 369 2623 sit
401 2563 588 2644 contemptu
620 2561 723 2647 magis
756 2583 851 2644 quam
886 2563 991 2646 gratia
1023 2564 1169 2628 electum.
1225 2567 1338 2629 sarisa

154 2669 281 2730 constat
309 2667 434 2730 exituro
465 2667 620 2730 uiaticum
645 2667 791 2750 defuisse,
820 2672 910 2734 tanta
933 2674 1075 2756 egestate
1097 2671 1144 2734 rei
1167 2672 1303 2749 familia-

154 2773 208 2856 ris,
237 2777 275 2836 ut
305 2794 403 2836 uxore
431 2778 464 2837 et
490 2773 609 2856 liberis,
640 2795 721 2856 quos
746 2773 866 2840 Romae
890 2774 1105 2860 relinquebat,
1138 2780 1302 2844 meritorio

155 2879 305 2955 cenaculo
333 2877 450 2943 abditis
479 2880 609 2945 domum
638 2881 671 2943 in
700 2881 858 2963 reliquam
887 2887 1012 2966 partem
1041 2884 1117 2947 anni
1141 2886 1304 2950 ablocaret

117 3013 126 3096 p
154 2990 256 3069 utque
280 3009 319 3050 ex
343 3009 418 3050 aure
442 2988 554 3051 matris
577 2987 755 3052 detractum
779 2989 931 3053 unionem
955 2991 1176 3076 pignerauerit
1194 2993 1235 3056 ad
1252 2993 1303 3057 iti-

111 3097 138 3174 a}
153 3093 240 3156 neris
268 3094 437 3176 impensas.
488 3093 683 3159 creditorum
714 3092 843 3178 quidem
871 3096 1137 3178 praestolantium
1166 3119 1203 3160 ac
1227 3098 1303 3162 deti-

133 3196 300 3264 ‘nentium
330 3199 459 3264 turbam
491 3205 523 3264 et
553 3201 588 3265 in
617 3200 657 3265 iis
688 3199 899 3266 Sinuessanos
930 3201 1192 3287 Formianosque,
1226 3227 1304 3288 quo·
1390 3254 1393 3260 ,

156 3327 226 3369 rum
242 3306 371 3389 publica
385 3307 557 3393 uectigalia
571 3308 805 3392 interuerterat,
823 3331 890 3374 non
904 3310 966 3373 nisi
985 3316 1107 3376 terrore
1126 3311 1304 3376 calumniae

156 3412 291 3496 amouit,
327 3435 400 3477 cum
434 3415 586 3478 libertino
617 3416 743 3480 cuidam
773 3415 919 3480 acerbius
950 3416 1094 3481 debitum
1124 3419 1304 3501 reposcenti

156 3519 344 3584 iniuriarum
368 3519 550 3604 formulam,
574 3521 665 3604 quasi
689 3523 775 3586 calce
795 3521 834 3586 ab
855 3545 892 3587 eo
911 3545 1090 3609 percussus,
1114 3525 1305 3602 intendisset

110 3651 140 3691 so
156 3647 214 3690 nec
237 3626 330 3690 aliter
355 3649 451 3710 quam
476 3629 610 3692 extortis
636 3628 873 3714 quinquaginta
896 3631 1052 3694 sestertiis
1076 3633 1259 3696 remisisset.¹

227 3791 242 3837 2
263 3785 395 3838 continuo
415 3786 542 3840 B.-Gras.
635 3790 650 3837 3
670 3784 829 3840 subtitisset
845 3789 892 3856 M,
918 3788 1088 3842 substitutus
1113 3792 1187 3843 esset
1200 3794 1238 3857 X,
1266 3793 1306 3844 sic

159 3864 293 3919 &umiae
320 3866 456 3920 coniciens
483 3865 630 3919 decedenti
654 3883 707 3934 pro
735 3866 896 3922 succedenti
1014 3874 1030 3921 4
1057 3869 1262 3922 contaminasse
1280 3870 1306 3924 G

157 3954 172 3998 5
191 3947 333 3998 stamnum
354 3945 388 4011 G,
416 3947 547 3999 stannum
565 3945 624 4004 11¹3
643 3953 669 4000 et
686 3947 745 4000 eald.
860 3948 1058 4002 aurochalcum
1077 3949 1248 4018 (chalcbum
1269 3951 1305 4020 G)

157 4025 247 4080 MGL
321 4030 353 4078 10
368 4029 396 4079 et
410 4031 562 4094 suspectum
576 4026 701 4081 Baallca'o
774 4032 806 4080 11
822 4027 917 4081 hausit
931 4032 965 4095 X,
983 4028 1114 4082 habuisse
1130 4032 1161 4082 Π
1229 4029 1306 4099 gale-

155 4105 265 4159 rianam
282 4108 307 4158 T
384 4105 532 4160 fundatam
548 4106 574 4160 G
660 4112 694 4159 14
712 4107 742 4159 in
761 4108 1002 4178 aan1QPs1N¹
1077 4113 1110 4162 15
1128 4109 1189 4162 uini
1207 4111 1307 4164 notaui

156 4202 189 4240 aa
202 4186 229 4240 L
243 4188 292 4256 qul
305 4187 336 4240 ia
350 4187 453 4241 talibas
465 4188 519 4255 fiale
533 4192 614 4254 caret,
628 4186 688 4240 iuni
700 4187 803 4254 MPS¹,
817 4188 889 4241 iunii
903 4190 959 4255 rel,
974 4207 1042 4244 corr.
1062 4191 1087 4242 Τ
1084 4207 1137 4244 arr.
1153 4190 1197 4259 (cs.
1215 4190 1305 4245 Galba

156 4269 199 4332 14,
212 4268 242 4335 2)
329 4272 362 4320 16
381 4267 422 4338 et]
445 4269 478 4319 ut
496 4269 612 4336 Bentley
700 4267 830 4322 factionis
848 4268 984 4341 Venetae]
1003 4269 1174 4343 factionisue
1188 4271 1222 4338 L,
1242 4271 1306 4324 lade

155 4345 287 4400 factionis
302 4363 368 4401 suae
384 4349 453 4416 (sue)
468 4347 568 4402 POST
580 4355 635 4406 ets
651 4349 769 4416 plurimi
841 4355 873 4402 19
889 4350 968 4404 cuius
982 4355 1012 4404 X
1023 4353 1089 4420 (aaa
1107 4351 1142 4420 Τ)
1216 4356 1249 4403 20
1269 4350 1307 4404 sit

156 4443 206 4483 orn.
223 4427 249 4481 G
310 4432 344 4480 23
364 4427 502 4482 ablocarit
516 4429 639 4498 Bentley,
660 4427 803 4483 ablocaret
817 4430 968 4486 Sabellicus
982 4432 1027 4500 (ct.
1041 4432 1097 4486 Ial.
1111 4434 1159 4501 26)
1215 4436 1249 4484 24
1263 4431 1307 4500 pi-

155 4510 286 4580 gneraret
299 4509 333 4563 N
403 4513 436 4562 25
456 4508 637 4562 creditorium
653 4511 692 4563 M
760 4525 792 4562 ac
809 4517 871 4579 post
889 4510 1003 4578 quidem
1022 4512 1130 4566 addG
