<?xml version="1.0" encoding="UTF-8"?>
<!DOCTYPE html PUBLIC "-//W3C//DTD XHTML 1.0 Transitional//EN"
    "http://www.w3.org/TR/xhtml1/DTD/xhtml1-transitional.dtd">
<html xmlns="http://www.w3.org/1999/xhtml" xml:lang="en" lang="en">
 <head>
  <title>
</title>
<meta http-equiv="Content-Type" content="text/html;charset=utf-8" />
  <meta name='ocr-system' content='tesseract 3.04.00' />
  <meta name='ocr-capabilities' content='ocr_page ocr_carea ocr_par ocr_line ocrx_word'/>
</head>
<body>
  <div class='ocr_page' id='page_1' title='image "./csuetoniitranqu01suetgoog_0012.png"; bbox 0 0 3098 5110; ppageno 0'>
   <div class='ocr_carea' id='block_1_1' title="bbox 194 345 867 400">
    <p class='ocr_par' dir='ltr' id='par_1_1' title="bbox 194 345 867 400">
     <span class='ocr_line' id='line_1_1' title="bbox 194 345 867 400; baseline 0.003 -2"><span class='ocrx_word' id='word_1_1' title='bbox 194 345 258 398; x_wconf 86' lang='lat' dir='ltr'>Vlil</span> <span class='ocrx_word' id='word_1_2' title='bbox 662 345 867 400; x_wconf 76' lang='lat' dir='ltr'><strong>PRAEFATIO</strong></span> 
     </span>
    </p>
   </div>
   <div class='ocr_carea' id='block_1_2' title="bbox 116 514 1347 2816">
    <p class='ocr_par' dir='ltr' id='par_1_2' title="bbox 116 514 1347 2816">
     <span class='ocr_line' id='line_1_2' title="bbox 195 514 1344 592; baseline -0.001 -19"><span class='ocrx_word' id='word_1_3' title='bbox 195 518 350 591; x_wconf 86' lang='lat' dir='ltr'>praeterea</span> <span class='ocrx_word' id='word_1_4' title='bbox 372 519 406 574; x_wconf 91' lang='lat' dir='ltr'>ut</span> <span class='ocrx_word' id='word_1_5' title='bbox 430 515 466 574; x_wconf 88' lang='lat' dir='ltr'>ad</span> <span class='ocrx_word' id='word_1_6' title='bbox 489 519 624 575; x_wconf 90' lang='lat' dir='ltr'>sanctum</span> <span class='ocrx_word' id='word_1_7' title='bbox 642 515 827 574; x_wconf 78' lang='lat' dir='ltr'><strong>Bonifatium</strong></span> <span class='ocrx_word' id='word_1_8' title='bbox 847 516 998 575; x_wconf 77' lang='lat' dir='ltr'>sollertem</span> <span class='ocrx_word' id='word_1_9' title='bbox 1015 516 1147 592; x_wconf 90' lang='lat' dir='ltr'>aliquem</span> <span class='ocrx_word' id='word_1_10' title='bbox 1166 514 1344 574; x_wconf 92' lang='lat' dir='ltr'>monachum</span> 
     </span>
     <span class='ocr_line' id='line_1_3' title="bbox 116 604 1343 682; baseline 0 -21"><span class='ocrx_word' id='word_1_11' title='bbox 116 660 119 668; x_wconf 87' lang='grc'><em>,</em></span> <span class='ocrx_word' id='word_1_12' title='bbox 195 605 347 682; x_wconf 62' lang='lat' dir='ltr'>dirigatis</span> <span class='ocrx_word' id='word_1_13' title='bbox 380 607 432 680; x_wconf 92' lang='lat' dir='ltr'>qui</span> <span class='ocrx_word' id='word_1_14' title='bbox 463 624 498 662; x_wconf 83' lang='lat' dir='ltr'>ex</span> <span class='ocrx_word' id='word_1_15' title='bbox 525 607 625 664; x_wconf 88' lang='lat' dir='ltr'>uestra</span> <span class='ocrx_word' id='word_1_16' title='bbox 652 608 738 681; x_wconf 83' lang='lat' dir='ltr'>parte</span> <span class='ocrx_word' id='word_1_17' title='bbox 765 604 928 663; x_wconf 91' lang='lat' dir='ltr'>Hattonem</span> <span class='ocrx_word' id='word_1_18' title='bbox 957 604 1095 664; x_wconf 88' lang='lat' dir='ltr'>abbatem</span> <span class='ocrx_word' id='word_1_19' title='bbox 1124 605 1276 680; x_wconf 89' lang='lat' dir='ltr'>deposcat,</span> <span class='ocrx_word' id='word_1_20' title='bbox 1308 607 1343 661; x_wconf 88' lang='lat' dir='ltr'>ut</span> 
     </span>
     <span class='ocr_line' id='line_1_4' title="bbox 196 691 1343 770; baseline -0.001 -19"><span class='ocrx_word' id='word_1_21' title='bbox 196 693 280 752; x_wconf 90' lang='lat' dir='ltr'>uobis</span> <span class='ocrx_word' id='word_1_22' title='bbox 301 692 476 752; x_wconf 81' lang='lat' dir='ltr'><strong>Suetonium</strong></span> <span class='ocrx_word' id='word_1_23' title='bbox 496 694 704 769; x_wconf 79' lang='lat' dir='ltr'>Tranquillum</span> <span class='ocrx_word' id='word_1_24' title='bbox 728 694 763 751; x_wconf 90' lang='lat' dir='ltr'>de</span> <span class='ocrx_word' id='word_1_25' title='bbox 786 694 851 752; x_wconf 90' lang='lat' dir='ltr'>uita</span> <span class='ocrx_word' id='word_1_26' title='bbox 870 691 1038 767; x_wconf 79' lang='lat' dir='ltr'><strong>Caesarum,</strong></span> <span class='ocrx_word' id='word_1_27' title='bbox 1061 693 1113 770; x_wconf 92' lang='lat' dir='ltr'>qui</span> <span class='ocrx_word' id='word_1_28' title='bbox 1137 693 1215 769; x_wconf 90' lang='lat' dir='ltr'>apud</span> <span class='ocrx_word' id='word_1_29' title='bbox 1239 710 1289 750; x_wconf 90' lang='lat' dir='ltr'>eos</span> <span class='ocrx_word' id='word_1_30' title='bbox 1310 693 1343 750; x_wconf 90' lang='lat' dir='ltr'>in</span> 
     </span>
     <span class='ocr_line' id='line_1_5' title="bbox 195 781 1344 860; baseline -0.001 -21"><span class='ocrx_word' id='word_1_31' title='bbox 195 781 268 841; x_wconf 87' lang='lat' dir='ltr'>duos</span> <span class='ocrx_word' id='word_1_32' title='bbox 301 801 354 840; x_wconf 92' lang='lat' dir='ltr'>nec</span> <span class='ocrx_word' id='word_1_33' title='bbox 386 801 509 860; x_wconf 86' lang='lat' dir='ltr'>magnos</span> <span class='ocrx_word' id='word_1_34' title='bbox 543 783 656 842; x_wconf 88' lang='lat' dir='ltr'>codices</span> <span class='ocrx_word' id='word_1_35' title='bbox 685 783 798 842; x_wconf 89' lang='lat' dir='ltr'>diuisus</span> <span class='ocrx_word' id='word_1_36' title='bbox 827 786 884 857; x_wconf 88' lang='lat' dir='ltr'>est,</span> <span class='ocrx_word' id='word_1_37' title='bbox 918 783 954 842; x_wconf 89' lang='lat' dir='ltr'>ad</span> <span class='ocrx_word' id='word_1_38' title='bbox 983 783 1204 842; x_wconf 86' lang='lat' dir='ltr'>exscribendum</span> <span class='ocrx_word' id='word_1_39' title='bbox 1232 781 1344 858; x_wconf 85' lang='lat' dir='ltr'>dirigat</span> 
     </span>
     <span class='ocr_line' id='line_1_6' title="bbox 194 870 1343 948; baseline -0.002 -19"><span class='ocrx_word' id='word_1_40' title='bbox 194 871 326 946; x_wconf 85' lang='lat' dir='ltr'>mihique</span> <span class='ocrx_word' id='word_1_41' title='bbox 351 891 418 930; x_wconf 90' lang='lat' dir='ltr'>eum</span> <span class='ocrx_word' id='word_1_42' title='bbox 441 874 495 930; x_wconf 88' lang='lat' dir='ltr'>aut</span> <span class='ocrx_word' id='word_1_43' title='bbox 517 873 589 947; x_wconf 92' lang='lat' dir='ltr'>ipsi,</span> <span class='ocrx_word' id='word_1_44' title='bbox 617 872 696 948; x_wconf 91' lang='lat' dir='ltr'>quod</span> <span class='ocrx_word' id='word_1_45' title='bbox 719 873 845 930; x_wconf 91' lang='lat' dir='ltr'>nimium</span> <span class='ocrx_word' id='word_1_46' title='bbox 868 875 948 947; x_wconf 88' lang='lat' dir='ltr'>opto,</span> <span class='ocrx_word' id='word_1_47' title='bbox 972 872 1103 931; x_wconf 89' lang='lat' dir='ltr'>afferatis</span> <span class='ocrx_word' id='word_1_48' title='bbox 1127 873 1192 943; x_wconf 90' lang='lat' dir='ltr'>aut,</span> <span class='ocrx_word' id='word_1_49' title='bbox 1222 870 1343 930; x_wconf 90' lang='lat' dir='ltr'>sihaec</span> 
     </span>
     <span class='ocr_line' id='line_1_7' title="bbox 195 961 1343 1039; baseline -0.001 -22"><span class='ocrx_word' id='word_1_50' title='bbox 195 961 321 1020; x_wconf 79' lang='lat' dir='ltr'>felicitas</span> <span class='ocrx_word' id='word_1_51' title='bbox 345 962 454 1021; x_wconf 82' lang='lat' dir='ltr'>nostris</span> <span class='ocrx_word' id='word_1_52' title='bbox 478 961 630 1039; x_wconf 86' lang='lat' dir='ltr'>differetur</span> <span class='ocrx_word' id='word_1_53' title='bbox 652 963 794 1037; x_wconf 85' lang='lat' dir='ltr'>peccatis,</span> <span class='ocrx_word' id='word_1_54' title='bbox 817 980 870 1037; x_wconf 87' lang='lat' dir='ltr'>per</span> <span class='ocrx_word' id='word_1_55' title='bbox 893 962 1089 1020; x_wconf 87' lang='lat' dir='ltr'>certissimum</span> <span class='ocrx_word' id='word_1_56' title='bbox 1112 961 1251 1018; x_wconf 89' lang='lat' dir='ltr'>nuntium</span> <span class='ocrx_word' id='word_1_57' title='bbox 1274 961 1343 1017; x_wconf 89' lang='lat' dir='ltr'>mit·</span> 
     </span>
     <span class='ocr_line' id='line_1_8' title="bbox 193 1048 1345 1128; baseline -0.003 -21"><span class='ocrx_word' id='word_1_58' title='bbox 193 1049 316 1108; x_wconf 88' lang='lat' dir='ltr'>tendum</span> <span class='ocrx_word' id='word_1_59' title='bbox 344 1051 461 1109; x_wconf 87' lang='lat' dir='ltr'>curetis.</span> <span class='ocrx_word' id='word_1_60' title='bbox 508 1069 635 1125; x_wconf 88' lang='lat' dir='ltr'>namque</span> <span class='ocrx_word' id='word_1_61' title='bbox 663 1052 694 1108; x_wconf 91' lang='lat' dir='ltr'>in</span> <span class='ocrx_word' id='word_1_62' title='bbox 722 1050 777 1108; x_wconf 93' lang='lat' dir='ltr'>hac</span> <span class='ocrx_word' id='word_1_63' title='bbox 804 1050 924 1128; x_wconf 80' lang='lat' dir='ltr'>regione</span> <span class='ocrx_word' id='word_1_64' title='bbox 953 1068 1100 1125; x_wconf 78' lang='lat' dir='ltr'>nusquam</span> <span class='ocrx_word' id='word_1_65' title='bbox 1130 1048 1290 1122; x_wconf 89' lang='lat' dir='ltr'>inuenitur,</span> <span class='ocrx_word' id='word_1_66' title='bbox 1314 1050 1345 1105; x_wconf 89' lang='lat' dir='ltr'>et</span> 
     </span>
     <span class='ocr_line' id='line_1_9' title="bbox 195 1137 1339 1215; baseline -0.002 -19"><span class='ocrx_word' id='word_1_67' title='bbox 195 1137 341 1196; x_wconf 80' lang='lat' dir='ltr'>credimus</span> <span class='ocrx_word' id='word_1_68' title='bbox 369 1139 424 1197; x_wconf 91' lang='lat' dir='ltr'>hoc</span> <span class='ocrx_word' id='word_1_69' title='bbox 452 1158 570 1215; x_wconf 93' lang='lat' dir='ltr'>quoque</span> <span class='ocrx_word' id='word_1_70' title='bbox 598 1157 651 1197; x_wconf 90' lang='lat' dir='ltr'>nos</span> <span class='ocrx_word' id='word_1_71' title='bbox 678 1139 851 1197; x_wconf 89' lang='lat' dir='ltr'>heneficium</span> <span class='ocrx_word' id='word_1_72' title='bbox 879 1141 980 1198; x_wconf 89' lang='lat' dir='ltr'>uestra</span> <span class='ocrx_word' id='word_1_73' title='bbox 1002 1139 1183 1197; x_wconf 74' lang='lat' dir='ltr'>liberalitate</span> <span class='ocrx_word' id='word_1_74' title='bbox 1206 1154 1339 1196; x_wconf 92' lang='lat' dir='ltr'>consecu-</span> 
     </span>
     <span class='ocr_line' id='line_1_10' title="bbox 194 1219 1342 1308; baseline -0.001 -24"><span class='ocrx_word' id='word_1_75' title='bbox 194 1219 331 1308; x_wconf 84' lang='lat' dir='ltr'>turos.&#39;¹)</span> <span class='ocrx_word' id='word_1_76' title='bbox 378 1229 528 1302; x_wconf 82' lang='lat' dir='ltr'>exemplar</span> <span class='ocrx_word' id='word_1_77' title='bbox 554 1227 630 1287; x_wconf 87' lang='lat' dir='ltr'>illud</span> <span class='ocrx_word' id='word_1_78' title='bbox 653 1228 814 1301; x_wconf 83' lang='lat' dir='ltr'>Fnldense,</span> <span class='ocrx_word' id='word_1_79' title='bbox 846 1229 956 1287; x_wconf 91' lang='lat' dir='ltr'>litteris</span> <span class='ocrx_word' id='word_1_80' title='bbox 988 1228 1167 1303; x_wconf 76' lang='lat' dir='ltr'>capitalibus</span> <span class='ocrx_word' id='word_1_81' title='bbox 1200 1227 1342 1302; x_wconf 87' lang='lat' dir='ltr'>scriptum</span> 
     </span>
     <span class='ocr_line' id='line_1_11' title="bbox 195 1308 1347 1397; baseline -0.001 -24"><span class='ocrx_word' id='word_1_82' title='bbox 195 1308 239 1397; x_wconf 84' lang='lat' dir='ltr'>(u.</span> <span class='ocrx_word' id='word_1_83' title='bbox 258 1308 366 1396; x_wconf 87' lang='lat' dir='ltr'>infra),</span> <span class='ocrx_word' id='word_1_84' title='bbox 398 1335 501 1374; x_wconf 88' lang='lat' dir='ltr'>uerum</span> <span class='ocrx_word' id='word_1_85' title='bbox 529 1320 619 1393; x_wconf 90' lang='lat' dir='ltr'>atque</span> <span class='ocrx_word' id='word_1_86' title='bbox 647 1310 1002 1393; x_wconf 80' lang='lat' dir='ltr'>unicumarchetypum</span> <span class='ocrx_word' id='word_1_87' title='bbox 1018 1335 1080 1375; x_wconf 90' lang='lat' dir='ltr'>esse</span> <span class='ocrx_word' id='word_1_88' title='bbox 1104 1315 1261 1392; x_wconf 91' lang='lat' dir='ltr'>quominus</span> <span class='ocrx_word' id='word_1_89' title='bbox 1284 1318 1347 1374; x_wconf 30' lang='lat' dir='ltr'>sta-v</span> 
     </span>
     <span class='ocr_line' id='line_1_12' title="bbox 194 1403 1343 1480; baseline -0.003 -17"><span class='ocrx_word' id='word_1_90' title='bbox 194 1408 315 1464; x_wconf 91' lang='lat' dir='ltr'>tuamus</span> <span class='ocrx_word' id='word_1_91' title='bbox 342 1404 419 1463; x_wconf 89' lang='lat' dir='ltr'>nihil</span> <span class='ocrx_word' id='word_1_92' title='bbox 446 1424 493 1463; x_wconf 90' lang='lat' dir='ltr'>me</span> <span class='ocrx_word' id='word_1_93' title='bbox 520 1403 617 1466; x_wconf 90' lang='lat' dir='ltr'>iudice</span> <span class='ocrx_word' id='word_1_94' title='bbox 644 1405 764 1464; x_wconf 92' lang='lat' dir='ltr'>uidetur</span> <span class='ocrx_word' id='word_1_95' title='bbox 791 1405 916 1464; x_wconf 89' lang='lat' dir='ltr'>obstare.</span> <span class='ocrx_word' id='word_1_96' title='bbox 964 1408 1053 1480; x_wconf 88' lang='lat' dir='ltr'>atque</span> <span class='ocrx_word' id='word_1_97' title='bbox 1077 1425 1111 1463; x_wconf 86' lang='lat' dir='ltr'>ex</span> <span class='ocrx_word' id='word_1_98' title='bbox 1134 1404 1237 1464; x_wconf 88' lang='lat' dir='ltr'>eodem</span> <span class='ocrx_word' id='word_1_99' title='bbox 1261 1403 1343 1461; x_wconf 88' lang='lat' dir='ltr'>fonte</span> 
     </span>
     <span class='ocr_line' id='line_1_13' title="bbox 194 1491 1343 1570; baseline -0.002 -18"><span class='ocrx_word' id='word_1_100' title='bbox 194 1493 327 1553; x_wconf 84' lang='lat' dir='ltr'>hausisse</span> <span class='ocrx_word' id='word_1_101' title='bbox 350 1494 537 1552; x_wconf 81' lang='lat' dir='ltr'>Einhardum</span> <span class='ocrx_word' id='word_1_102' title='bbox 560 1491 856 1568; x_wconf 80' lang='lat' dir='ltr'>facileconcedetur,</span> <span class='ocrx_word' id='word_1_103' title='bbox 880 1497 1021 1570; x_wconf 88' lang='lat' dir='ltr'>quicum</span> <span class='ocrx_word' id='word_1_104' title='bbox 1049 1493 1142 1552; x_wconf 89' lang='lat' dir='ltr'>uitam</span> <span class='ocrx_word' id='word_1_105' title='bbox 1156 1491 1267 1551; x_wconf 84' lang='lat' dir='ltr'>-Oaroli</span> <span class='ocrx_word' id='word_1_106' title='bbox 1288 1494 1343 1550; x_wconf 90' lang='lat' dir='ltr'>im·</span> 
     </span>
     <span class='ocr_line' id='line_1_14' title="bbox 194 1582 1343 1659; baseline -0.001 -19"><span class='ocrx_word' id='word_1_107' title='bbox 194 1585 339 1658; x_wconf 89' lang='lat' dir='ltr'>peratoris</span> <span class='ocrx_word' id='word_1_108' title='bbox 368 1585 471 1658; x_wconf 88' lang='lat' dir='ltr'>paucis</span> <span class='ocrx_word' id='word_1_109' title='bbox 499 1587 568 1659; x_wconf 91' lang='lat' dir='ltr'>post</span> <span class='ocrx_word' id='word_1_110' title='bbox 595 1583 710 1642; x_wconf 90' lang='lat' dir='ltr'>obitum</span> <span class='ocrx_word' id='word_1_111' title='bbox 739 1585 801 1642; x_wconf 91' lang='lat' dir='ltr'>eius</span> <span class='ocrx_word' id='word_1_112' title='bbox 834 1585 919 1642; x_wconf 89' lang='lat' dir='ltr'>annis</span> <span class='ocrx_word' id='word_1_113' title='bbox 953 1582 1135 1656; x_wconf 82' lang='lat' dir='ltr'>conscribere</span> <span class='ocrx_word' id='word_1_114' title='bbox 1164 1583 1343 1656; x_wconf 90' lang='lat' dir='ltr'>institueret,</span> 
     </span>
     <span class='ocr_line' id='line_1_15' title="bbox 194 1669 1344 1749; baseline -0.001 -20"><span class='ocrx_word' id='word_1_115' title='bbox 194 1673 273 1730; x_wconf 87' lang='lat' dir='ltr'>hunc</span> <span class='ocrx_word' id='word_1_116' title='bbox 304 1672 493 1748; x_wconf 90' lang='lat' dir='ltr'>potissimum</span> <span class='ocrx_word' id='word_1_117' title='bbox 526 1691 541 1730; x_wconf 93' lang='lat' dir='ltr'>e</span> <span class='ocrx_word' id='word_1_118' title='bbox 573 1672 723 1732; x_wconf 88' lang='lat' dir='ltr'>ueteribus</span> <span class='ocrx_word' id='word_1_119' title='bbox 756 1672 949 1749; x_wconf 77' lang='lat' dir='ltr'>scriptoribus</span> <span class='ocrx_word' id='word_1_120' title='bbox 982 1671 1160 1730; x_wconf 89' lang='lat' dir='ltr'>imitandum</span> <span class='ocrx_word' id='word_1_121' title='bbox 1192 1669 1249 1729; x_wconf 88' lang='lat' dir='ltr'>sibi</span> <span class='ocrx_word' id='word_1_122' title='bbox 1276 1689 1344 1745; x_wconf 84' lang='lat' dir='ltr'>pro-</span> 
     </span>
     <span class='ocr_line' id='line_1_16' title="bbox 195 1754 1345 1840; baseline -0.003 -20"><span class='ocrx_word' id='word_1_123' title='bbox 195 1761 303 1836; x_wconf 83' lang='lat' dir='ltr'>posuit,</span> <span class='ocrx_word' id='word_1_124' title='bbox 324 1759 499 1820; x_wconf 77' lang='lat' dir='ltr'>Caesaribus</span> <span class='ocrx_word' id='word_1_125' title='bbox 523 1780 558 1819; x_wconf 90' lang='lat' dir='ltr'>ac</span> <span class='ocrx_word' id='word_1_126' title='bbox 581 1764 712 1821; x_wconf 83' lang='lat' dir='ltr'>maxime</span> <span class='ocrx_word' id='word_1_127' title='bbox 732 1763 797 1820; x_wconf 88' lang='lat' dir='ltr'>uita</span> <span class='ocrx_word' id='word_1_128' title='bbox 816 1761 945 1840; x_wconf 83' lang='lat' dir='ltr'>Augusti</span> <span class='ocrx_word' id='word_1_129' title='bbox 955 1754 1345 1833; x_wconf 63' lang='lat' dir='ltr'>‚cumstmuuausus-tur</span> 
     </span>
     <span class='ocr_line' id='line_1_17' title="bbox 194 1847 1344 1927; baseline -0.001 -20"><span class='ocrx_word' id='word_1_130' title='bbox 194 1869 253 1908; x_wconf 93' lang='lat' dir='ltr'>non</span> <span class='ocrx_word' id='word_1_131' title='bbox 282 1850 369 1908; x_wconf 87' lang='lat' dir='ltr'>modo</span> <span class='ocrx_word' id='word_1_132' title='bbox 394 1869 510 1909; x_wconf 89' lang='lat' dir='ltr'>omnem</span> <span class='ocrx_word' id='word_1_133' title='bbox 534 1850 629 1908; x_wconf 88' lang='lat' dir='ltr'>libelli</span> <span class='ocrx_word' id='word_1_134' title='bbox 656 1850 884 1927; x_wconf 84' lang='lat' dir='ltr'>descriptionem</span> <span class='ocrx_word' id='word_1_135' title='bbox 914 1851 965 1909; x_wconf 89' lang='lat' dir='ltr'>sed</span> <span class='ocrx_word' id='word_1_136' title='bbox 990 1851 1081 1909; x_wconf 90' lang='lat' dir='ltr'>etiam</span> <span class='ocrx_word' id='word_1_137' title='bbox 1109 1850 1240 1927; x_wconf 87' lang='lat' dir='ltr'>integras</span> <span class='ocrx_word' id='word_1_138' title='bbox 1263 1847 1344 1906; x_wconf 85' lang='lat' dir='ltr'>haud</span> 
     </span>
     <span class='ocr_line' id='line_1_18' title="bbox 194 1936 1343 2016; baseline -0.001 -20"><span class='ocrx_word' id='word_1_139' title='bbox 194 1958 262 1997; x_wconf 87' lang='lat' dir='ltr'>raro</span> <span class='ocrx_word' id='word_1_140' title='bbox 285 1938 448 1998; x_wconf 90' lang='lat' dir='ltr'>sententias</span> <span class='ocrx_word' id='word_1_141' title='bbox 472 1939 541 1998; x_wconf 89' lang='lat' dir='ltr'>inde</span> <span class='ocrx_word' id='word_1_142' title='bbox 564 1941 748 2016; x_wconf 89' lang='lat' dir='ltr'>repetiuerit,</span> <span class='ocrx_word' id='word_1_143' title='bbox 771 1943 801 1999; x_wconf 89' lang='lat' dir='ltr'>et</span> <span class='ocrx_word' id='word_1_144' title='bbox 824 1958 1059 2015; x_wconf 88' lang='lat' dir='ltr'>nonnumquam,</span> <span class='ocrx_word' id='word_1_145' title='bbox 1091 1942 1125 1997; x_wconf 94' lang='lat' dir='ltr'>ut</span> <span class='ocrx_word' id='word_1_146' title='bbox 1148 1941 1209 1997; x_wconf 91' lang='lat' dir='ltr'>iam</span> <span class='ocrx_word' id='word_1_147' title='bbox 1233 1936 1343 1996; x_wconf 79' lang='lat' dir='ltr'>Gasan-</span> 
     </span>
     <span class='ocr_line' id='line_1_19' title="bbox 193 2019 1343 2100; baseline -0.001 -15"><span class='ocrx_word' id='word_1_148' title='bbox 193 2027 287 2086; x_wconf 89' lang='lat' dir='ltr'>bonus</span> <span class='ocrx_word' id='word_1_149' title='bbox 314 2028 475 2100; x_wconf 88' lang='lat' dir='ltr'>iudicauit,</span> <span class='ocrx_word' id='word_1_150' title='bbox 504 2028 644 2087; x_wconf 88' lang='lat' dir='ltr'>imitandi</span> <span class='ocrx_word' id='word_1_151' title='bbox 671 2028 770 2087; x_wconf 88' lang='lat' dir='ltr'>studio</span> <span class='ocrx_word' id='word_1_152' title='bbox 794 2047 865 2088; x_wconf 89' lang='lat' dir='ltr'>suae</span> <span class='ocrx_word' id='word_1_153' title='bbox 892 2028 1034 2088; x_wconf 87' lang='lat' dir='ltr'>historiae</span> <span class='ocrx_word' id='word_1_154' title='bbox 1061 2019 1220 2086; x_wconf 85' lang='lat' dir='ltr'>ueritatem</span> <span class='ocrx_word' id='word_1_155' title='bbox 1247 2030 1343 2085; x_wconf 91' lang='lat' dir='ltr'>trans·</span> 
     </span>
     <span class='ocr_line' id='line_1_20' title="bbox 193 2109 1342 2196; baseline -0.003 -21"><span class='ocrx_word' id='word_1_156' title='bbox 193 2135 310 2194; x_wconf 86' lang='lat' dir='ltr'>gressus</span> <span class='ocrx_word' id='word_1_157' title='bbox 333 2135 395 2176; x_wconf 90' lang='lat' dir='ltr'>osse</span> <span class='ocrx_word' id='word_1_158' title='bbox 419 2109 611 2196; x_wconf 65' lang='lat' dir='ltr'>uideatur&#39;i)</span> <span class='ocrx_word' id='word_1_159' title='bbox 648 2117 746 2176; x_wconf 88' lang='lat' dir='ltr'>medio</span> <span class='ocrx_word' id='word_1_160' title='bbox 769 2118 863 2196; x_wconf 89' lang='lat' dir='ltr'>igitur</span> <span class='ocrx_word' id='word_1_161' title='bbox 886 2111 1003 2177; x_wconf 89' lang='lat' dir='ltr'>saeculo</span> <span class='ocrx_word' id='word_1_162' title='bbox 1026 2135 1103 2176; x_wconf 91' lang='lat' dir='ltr'>nono</span> <span class='ocrx_word' id='word_1_163' title='bbox 1128 2116 1287 2175; x_wconf 88' lang='lat' dir='ltr'>Suetonius</span> <span class='ocrx_word' id='word_1_164' title='bbox 1311 2115 1342 2172; x_wconf 91' lang='lat' dir='ltr'>in</span> 
     </span>
     <span class='ocr_line' id='line_1_21' title="bbox 190 2203 1343 2283; baseline -0.002 -20"><span class='ocrx_word' id='word_1_165' title='bbox 190 2203 326 2264; x_wconf 69' lang='lat' dir='ltr'>saniem</span> <span class='ocrx_word' id='word_1_166' title='bbox 349 2207 482 2281; x_wconf 91' lang='lat' dir='ltr'>perlatus</span> <span class='ocrx_word' id='word_1_167' title='bbox 506 2210 564 2279; x_wconf 88' lang='lat' dir='ltr'>est,</span> <span class='ocrx_word' id='word_1_168' title='bbox 591 2225 651 2265; x_wconf 92' lang='lat' dir='ltr'>non</span> <span class='ocrx_word' id='word_1_169' title='bbox 678 2208 744 2281; x_wconf 88' lang='lat' dir='ltr'>ipsa</span> <span class='ocrx_word' id='word_1_170' title='bbox 768 2205 889 2283; x_wconf 88' lang='lat' dir='ltr'>quidem</span> <span class='ocrx_word' id='word_1_171' title='bbox 911 2207 1064 2265; x_wconf 89' lang='lat' dir='ltr'>uolumina</span> <span class='ocrx_word' id='word_1_172' title='bbox 1087 2204 1260 2278; x_wconf 85' lang='lat' dir='ltr'>Fuldensia,</span> <span class='ocrx_word' id='word_1_173' title='bbox 1292 2204 1343 2262; x_wconf 91' lang='lat' dir='ltr'>sed</span> 
     </span>
     <span class='ocr_line' id='line_1_22' title="bbox 195 2293 1343 2372; baseline -0.001 -20"><span class='ocrx_word' id='word_1_174' title='bbox 195 2295 414 2372; x_wconf 82' lang='lat' dir='ltr'>apographum,</span> <span class='ocrx_word' id='word_1_175' title='bbox 442 2294 473 2352; x_wconf 89' lang='lat' dir='ltr'>id</span> <span class='ocrx_word' id='word_1_176' title='bbox 501 2295 580 2371; x_wconf 90' lang='lat' dir='ltr'>qnod</span> <span class='ocrx_word' id='word_1_177' title='bbox 608 2295 737 2370; x_wconf 91' lang='lat' dir='ltr'>probant</span> <span class='ocrx_word' id='word_1_178' title='bbox 764 2295 951 2370; x_wconf 85' lang='lat' dir='ltr'>corruptelae</span> <span class='ocrx_word' id='word_1_179' title='bbox 979 2295 1140 2353; x_wconf 90' lang='lat' dir='ltr'>nonnullae</span> <span class='ocrx_word' id='word_1_180' title='bbox 1163 2295 1272 2353; x_wconf 91' lang='lat' dir='ltr'>librum</span> <span class='ocrx_word' id='word_1_181' title='bbox 1295 2293 1343 2351; x_wconf 87' lang='lat' dir='ltr'>de·</span> 
     </span>
     <span class='ocr_line' id='line_1_23' title="bbox 194 2381 1344 2461; baseline -0.002 -20"><span class='ocrx_word' id='word_1_182' title='bbox 194 2384 346 2461; x_wconf 84' lang='lat' dir='ltr'>signantes</span> <span class='ocrx_word' id='word_1_183' title='bbox 370 2388 523 2442; x_wconf 81' lang='lat' dir='ltr'>exaratum</span> <span class='ocrx_word' id='word_1_184' title='bbox 547 2385 716 2443; x_wconf 89' lang='lat' dir='ltr'>minuscula</span> <span class='ocrx_word' id='word_1_185' title='bbox 739 2384 919 2458; x_wconf 88' lang='lat' dir='ltr'>litteratura,</span> <span class='ocrx_word' id='word_1_186' title='bbox 943 2385 1026 2459; x_wconf 91' lang='lat' dir='ltr'>quali</span> <span class='ocrx_word' id='word_1_187' title='bbox 1045 2383 1206 2442; x_wconf 84' lang='lat' dir='ltr'>Fuldenses</span> <span class='ocrx_word' id='word_1_188' title='bbox 1230 2381 1344 2442; x_wconf 90' lang='lat' dir='ltr'>scribae</span> 
     </span>
     <span class='ocr_line' id='line_1_24' title="bbox 194 2466 1344 2554; baseline -0.002 -25"><span class='ocrx_word' id='word_1_189' title='bbox 194 2490 289 2547; x_wconf 91' lang='lat' dir='ltr'>usque</span> <span class='ocrx_word' id='word_1_190' title='bbox 322 2472 360 2530; x_wconf 87' lang='lat' dir='ltr'>ad</span> <span class='ocrx_word' id='word_1_191' title='bbox 396 2472 428 2532; x_wconf 87' lang='lat' dir='ltr'>id</span> <span class='ocrx_word' id='word_1_192' title='bbox 465 2471 525 2532; x_wconf 82' lang='lat' dir='ltr'>fere</span> <span class='ocrx_word' id='word_1_193' title='bbox 561 2477 679 2548; x_wconf 87' lang='lat' dir='ltr'>tempus</span> <span class='ocrx_word' id='word_1_194' title='bbox 716 2466 916 2554; x_wconf 82' lang='lat' dir='ltr'>utebantur.³)</span> <span class='ocrx_word' id='word_1_195' title='bbox 964 2477 1029 2532; x_wconf 89' lang='lat' dir='ltr'>tum</span> <span class='ocrx_word' id='word_1_196' title='bbox 1066 2473 1183 2531; x_wconf 89' lang='lat' dir='ltr'>demum</span> <span class='ocrx_word' id='word_1_197' title='bbox 1220 2470 1344 2530; x_wconf 82' lang='lat' dir='ltr'>Suetoni</span> 
     </span>
     <span class='ocr_line' id='line_1_25' title="bbox 194 2553 1344 2639; baseline -0.001 -19"><span class='ocrx_word' id='word_1_198' title='bbox 194 2579 269 2637; x_wconf 91' lang='lat' dir='ltr'>opus</span> <span class='ocrx_word' id='word_1_199' title='bbox 306 2561 402 2638; x_wconf 86' lang='lat' dir='ltr'>magis</span> <span class='ocrx_word' id='word_1_200' title='bbox 440 2564 593 2638; x_wconf 86' lang='lat' dir='ltr'>magisque</span> <span class='ocrx_word' id='word_1_201' title='bbox 630 2565 761 2621; x_wconf 91' lang='lat' dir='ltr'>innotuit</span> <span class='ocrx_word' id='word_1_202' title='bbox 792 2565 962 2639; x_wconf 90' lang='lat' dir='ltr'>passimque</span> <span class='ocrx_word' id='word_1_203' title='bbox 995 2553 1122 2620; x_wconf 86' lang='lat' dir='ltr'>maxime</span> <span class='ocrx_word' id='word_1_204' title='bbox 1158 2581 1211 2636; x_wconf 90' lang='lat' dir='ltr'>per</span> <span class='ocrx_word' id='word_1_205' title='bbox 1243 2562 1344 2636; x_wconf 88' lang='lat' dir='ltr'>partes</span> 
     </span>
     <span class='ocr_line' id='line_1_26' title="bbox 195 2648 1344 2727; baseline -0.001 -19"><span class='ocrx_word' id='word_1_206' title='bbox 195 2648 364 2709; x_wconf 86' lang='lat' dir='ltr'>Galliarum</span> <span class='ocrx_word' id='word_1_207' title='bbox 392 2651 550 2727; x_wconf 88' lang='lat' dir='ltr'>uulgatum</span> <span class='ocrx_word' id='word_1_208' title='bbox 581 2655 633 2710; x_wconf 89' lang='lat' dir='ltr'>est.</span> <span class='ocrx_word' id='word_1_209' title='bbox 678 2654 770 2710; x_wconf 88' lang='lat' dir='ltr'>testes</span> <span class='ocrx_word' id='word_1_210' title='bbox 797 2654 879 2722; x_wconf 87' lang='lat' dir='ltr'>sunt,</span> <span class='ocrx_word' id='word_1_211' title='bbox 903 2654 937 2709; x_wconf 91' lang='lat' dir='ltr'>ut</span> <span class='ocrx_word' id='word_1_212' title='bbox 961 2651 1064 2708; x_wconf 90' lang='lat' dir='ltr'>dehis</span> <span class='ocrx_word' id='word_1_213' title='bbox 1088 2652 1218 2725; x_wconf 89' lang='lat' dir='ltr'>primurn</span> <span class='ocrx_word' id='word_1_214' title='bbox 1241 2649 1344 2724; x_wconf 87' lang='lat' dir='ltr'>paucis</span> 
     </span>
     <span class='ocr_line' id='line_1_27' title="bbox 197 2739 1344 2816; baseline -0.003 -18"><span class='ocrx_word' id='word_1_215' title='bbox 197 2739 359 2812; x_wconf 88' lang='lat' dir='ltr'>absoluam,</span> <span class='ocrx_word' id='word_1_216' title='bbox 382 2741 431 2797; x_wconf 91' lang='lat' dir='ltr'>uel</span> <span class='ocrx_word' id='word_1_217' title='bbox 456 2740 507 2815; x_wconf 90' lang='lat' dir='ltr'>qui</span> <span class='ocrx_word' id='word_1_218' title='bbox 530 2742 562 2797; x_wconf 92' lang='lat' dir='ltr'>in</span> <span class='ocrx_word' id='word_1_219' title='bbox 585 2740 716 2816; x_wconf 89' lang='lat' dir='ltr'>antiquis</span> <span class='ocrx_word' id='word_1_220' title='bbox 739 2740 986 2799; x_wconf 89' lang='lat' dir='ltr'>bibliothecarum</span> <span class='ocrx_word' id='word_1_221' title='bbox 1007 2741 1152 2816; x_wconf 85' lang='lat' dir='ltr'>catalogis</span> <span class='ocrx_word' id='word_1_222' title='bbox 1171 2757 1344 2797; x_wconf 89' lang='lat' dir='ltr'>enumeran-</span> 
     </span>
    </p>
   </div>
   <div class='ocr_carea' id='block_1_3' title="bbox 194 2925 1353 4563">
    <p class='ocr_par' dir='ltr' id='par_1_3' title="bbox 194 2925 1353 3565">
     <span class='ocr_line' id='line_1_28' title="bbox 285 2925 1343 2996; baseline -0.002 -16"><span class='ocrx_word' id='word_1_223' title='bbox 285 2929 310 2996; x_wconf 91' lang='lat'>1)</span> <span class='ocrx_word' id='word_1_224' title='bbox 329 2925 486 2992; x_wconf 84' lang='lat' dir='ltr'>Diimmler,</span> <span class='ocrx_word' id='word_1_225' title='bbox 511 2926 632 2980; x_wconf 83' lang='lat' dir='ltr'>Monam.</span> <span class='ocrx_word' id='word_1_226' title='bbox 649 2927 740 2981; x_wconf 80' lang='lat' dir='ltr'>Germ.</span> <span class='ocrx_word' id='word_1_227' title='bbox 759 2927 824 2980; x_wconf 90' lang='lat' dir='ltr'>hist.</span> <span class='ocrx_word' id='word_1_228' title='bbox 845 2927 926 2995; x_wconf 89' lang='lat' dir='ltr'>epist.</span> <span class='ocrx_word' id='word_1_229' title='bbox 946 2926 1015 2980; x_wconf 89' lang='lat' dir='ltr'>tomi</span> <span class='ocrx_word' id='word_1_230' title='bbox 1030 2925 1068 2978; x_wconf 83' lang='lat' dir='ltr'>VI</span> <span class='ocrx_word' id='word_1_231' title='bbox 1091 2942 1155 2994; x_wconf 89' lang='lat' dir='ltr'>pars</span> <span class='ocrx_word' id='word_1_232' title='bbox 1174 2925 1250 2994; x_wconf 91' lang='lat' dir='ltr'>prior</span> <span class='ocrx_word' id='word_1_233' title='bbox 1268 2943 1294 2993; x_wconf 93' lang='lat' dir='ltr'>p.</span> <span class='ocrx_word' id='word_1_234' title='bbox 1310 2929 1343 2978; x_wconf 88' lang='lat'>81</span> 
     </span>
     <span class='ocr_line' id='line_1_29' title="bbox 195 2995 1344 3066; baseline -0.001 -16"><span class='ocrx_word' id='word_1_235' title='bbox 195 2997 286 3066; x_wconf 87' lang='lat' dir='ltr'>(epist.</span> <span class='ocrx_word' id='word_1_236' title='bbox 302 3001 360 3064; x_wconf 83' lang='lat'>91);</span> <span class='ocrx_word' id='word_1_237' title='bbox 374 2997 540 3052; x_wconf 87' lang='lat' dir='ltr'>Desdevises</span> <span class='ocrx_word' id='word_1_238' title='bbox 551 2999 588 3052; x_wconf 90' lang='lat' dir='ltr'>du</span> <span class='ocrx_word' id='word_1_239' title='bbox 599 2998 706 3062; x_wconf 79' lang='lat' dir='ltr'>Dezert,</span> <span class='ocrx_word' id='word_1_240' title='bbox 721 2999 829 3052; x_wconf 85' lang='lat' dir='ltr'>Lettres&#39;</span> <span class='ocrx_word' id='word_1_241' title='bbox 841 2999 875 3052; x_wconf 92' lang='lat' dir='ltr'>de</span> <span class='ocrx_word' id='word_1_242' title='bbox 887 2997 982 3051; x_wconf 83' lang='lat' dir='ltr'>Servat</span> <span class='ocrx_word' id='word_1_243' title='bbox 992 2997 1070 3065; x_wconf 87' lang='lat' dir='ltr'>Loup</span> <span class='ocrx_word' id='word_1_244' title='bbox 1085 3015 1111 3065; x_wconf 90' lang='lat' dir='ltr'>p.</span> <span class='ocrx_word' id='word_1_245' title='bbox 1124 3002 1170 3062; x_wconf 79' lang='lat'>983</span> <span class='ocrx_word' id='word_1_246' title='bbox 1186 2995 1217 3050; x_wconf 82' lang='lat' dir='ltr'>G.</span> <span class='ocrx_word' id='word_1_247' title='bbox 1228 2996 1344 3062; x_wconf 85' lang='lat' dir='ltr'>Becker,</span> 
     </span>
     <span class='ocr_line' id='line_1_30' title="bbox 195 3067 1344 3137; baseline -0.002 -15"><span class='ocrx_word' id='word_1_248' title='bbox 195 3067 282 3122; x_wconf 82' lang='lat' dir='ltr'>Cabal.</span> <span class='ocrx_word' id='word_1_249' title='bbox 297 3069 365 3122; x_wconf 92' lang='lat' dir='ltr'>bibl.</span> <span class='ocrx_word' id='word_1_250' title='bbox 381 3072 438 3123; x_wconf 90' lang='lat' dir='ltr'>ant.</span> <span class='ocrx_word' id='word_1_251' title='bbox 454 3087 481 3137; x_wconf 92' lang='lat' dir='ltr'>p.</span> <span class='ocrx_word' id='word_1_252' title='bbox 497 3074 539 3122; x_wconf 83' lang='lat'>59.</span> <span class='ocrx_word' id='word_1_253' title='bbox 567 3069 597 3121; x_wconf 90' lang='lat' dir='ltr'>in</span> <span class='ocrx_word' id='word_1_254' title='bbox 612 3070 669 3124; x_wconf 90' lang='lat' dir='ltr'>alia</span> <span class='ocrx_word' id='word_1_255' title='bbox 684 3069 720 3122; x_wconf 87' lang='lat' dir='ltr'>ad</span> <span class='ocrx_word' id='word_1_256' title='bbox 735 3070 855 3124; x_wconf 89' lang='lat' dir='ltr'>eundem</span> <span class='ocrx_word' id='word_1_257' title='bbox 870 3069 993 3137; x_wconf 87' lang='lat' dir='ltr'>epistula</span> <span class='ocrx_word' id='word_1_258' title='bbox 1008 3073 1044 3137; x_wconf 89' lang='lat' dir='ltr'>(n.</span> <span class='ocrx_word' id='word_1_259' title='bbox 1061 3071 1113 3134; x_wconf 86' lang='grc'>10),</span> <span class='ocrx_word' id='word_1_260' title='bbox 1131 3068 1166 3120; x_wconf 87' lang='lat' dir='ltr'>de</span> <span class='ocrx_word' id='word_1_261' title='bbox 1181 3068 1259 3121; x_wconf 90' lang='lat' dir='ltr'>ouius</span> <span class='ocrx_word' id='word_1_262' title='bbox 1274 3071 1344 3122; x_wconf 87' lang='lat' dir='ltr'>tem·</span> 
     </span>
     <span class='ocr_line' id='line_1_31' title="bbox 194 3139 1342 3222; baseline -0.002 -30"><span class='ocrx_word' id='word_1_263' title='bbox 194 3155 263 3208; x_wconf 89' lang='lat' dir='ltr'>pore</span> <span class='ocrx_word' id='word_1_264' title='bbox 289 3157 344 3194; x_wconf 93' lang='lat' dir='ltr'>non</span> <span class='ocrx_word' id='word_1_265' title='bbox 370 3142 481 3194; x_wconf 88' lang='lat' dir='ltr'>constat</span> <span class='ocrx_word' id='word_1_266' title='bbox 503 3140 664 3222; x_wconf 69' lang='lat' dir='ltr'>(bertilam,</span> <span class='ocrx_word' id='word_1_267' title='bbox 687 3141 759 3194; x_wconf 86' lang='lat' dir='ltr'>Bibl.</span> <span class='ocrx_word' id='word_1_268' title='bbox 780 3141 814 3194; x_wconf 91' lang='lat' dir='ltr'>de</span> <span class='ocrx_word' id='word_1_269' title='bbox 840 3140 944 3194; x_wconf 85' lang='lat' dir='ltr'>l&#39;Ecole</span> <span class='ocrx_word' id='word_1_270' title='bbox 973 3140 1021 3194; x_wconf 92' lang='lat' dir='ltr'>des</span> <span class='ocrx_word' id='word_1_271' title='bbox 1048 3140 1157 3193; x_wconf 80' lang='lat' dir='ltr'>chartea</span> <span class='ocrx_word' id='word_1_272' title='bbox 1183 3139 1255 3194; x_wconf 87' lang='lat' dir='ltr'>thl</span> <span class='ocrx_word' id='word_1_273' title='bbox 1275 3143 1342 3192; x_wconf 86' lang='grc'>1901</span> 
     </span>
     <span class='ocr_line' id='line_1_32' title="bbox 194 3210 1345 3353; baseline -0.002 -18"><span class='ocrx_word' id='word_1_274' title='bbox 194 3216 285 3336; x_wconf 64' lang='lat' dir='ltr'>itii?</span> <span class='ocrx_word' id='word_1_275' title='bbox 294 3215 355 3336; x_wconf 71' lang='lat' dir='ltr'>bl</span> <span class='ocrx_word' id='word_1_276' title='bbox 372 3210 799 3353; x_wconf 62' lang='lat' dir='ltr'>titttfftsrbttttt</span> <span class='ocrx_word' id='word_1_277' title='bbox 814 3211 1174 3336; x_wconf 64' lang='lat' dir='ltr'>ittttttitbtht</span> <span class='ocrx_word' id='word_1_278' title='bbox 1190 3210 1345 3348; x_wconf 60' lang='lat' dir='ltr'>{aazias</span> 
     </span>
     <span class='ocr_line' id='line_1_33' title="bbox 195 3353 1344 3423; baseline -0.001 -18"><span class='ocrx_word' id='word_1_279' title='bbox 195 3353 280 3417; x_wconf 90' lang='lat' dir='ltr'>(Mon.</span> <span class='ocrx_word' id='word_1_280' title='bbox 292 3353 382 3408; x_wconf 86' lang='lat' dir='ltr'>Germ.</span> <span class='ocrx_word' id='word_1_281' title='bbox 398 3354 415 3408; x_wconf 91' lang='lat'>1.</span> <span class='ocrx_word' id='word_1_282' title='bbox 427 3354 445 3408; x_wconf 94' lang='lat' dir='ltr'>l.</span> <span class='ocrx_word' id='word_1_283' title='bbox 456 3373 483 3422; x_wconf 90' lang='lat' dir='ltr'>p.</span> <span class='ocrx_word' id='word_1_284' title='bbox 495 3360 537 3408; x_wconf 91' lang='grc'>21.</span> <span class='ocrx_word' id='word_1_285' title='bbox 562 3354 725 3408; x_wconf 87' lang='lat' dir='ltr'>Desdevises</span> <span class='ocrx_word' id='word_1_286' title='bbox 740 3373 767 3423; x_wconf 90' lang='lat' dir='ltr'>p.</span> <span class='ocrx_word' id='word_1_287' title='bbox 778 3359 819 3408; x_wconf 83' lang='lat'>84.</span> <span class='ocrx_word' id='word_1_288' title='bbox 849 3353 991 3423; x_wconf 84' lang='lat' dir='ltr'>Becherp.</span> <span class='ocrx_word' id='word_1_289' title='bbox 1003 3358 1055 3422; x_wconf 80' lang='grc'>57).</span> <span class='ocrx_word' id='word_1_290' title='bbox 1085 3354 1119 3406; x_wconf 91' lang='lat' dir='ltr'>de</span> <span class='ocrx_word' id='word_1_291' title='bbox 1130 3353 1302 3406; x_wconf 85' lang='lat' dir='ltr'>Marcwardo</span> <span class='ocrx_word' id='word_1_292' title='bbox 1316 3353 1344 3405; x_wconf 90' lang='lat' dir='ltr'>et</span> 
     </span>
     <span class='ocr_line' id='line_1_34' title="bbox 195 3422 1353 3494; baseline -0.001 -18"><span class='ocrx_word' id='word_1_293' title='bbox 195 3423 271 3494; x_wconf 79' lang='lat' dir='ltr'>Eigil</span> <span class='ocrx_word' id='word_1_294' title='bbox 281 3426 427 3492; x_wconf 90' lang='lat' dir='ltr'>monacho,</span> <span class='ocrx_word' id='word_1_295' title='bbox 438 3424 486 3492; x_wconf 92' lang='lat' dir='ltr'>qui</span> <span class='ocrx_word' id='word_1_296' title='bbox 496 3428 560 3494; x_wconf 89' lang='lat' dir='ltr'>post</span> <span class='ocrx_word' id='word_1_297' title='bbox 570 3425 651 3478; x_wconf 89' lang='lat' dir='ltr'>illum</span> <span class='ocrx_word' id='word_1_298' title='bbox 661 3426 749 3479; x_wconf 88' lang='lat' dir='ltr'>abbas</span> <span class='ocrx_word' id='word_1_299' title='bbox 758 3426 929 3479; x_wconf 87' lang='lat' dir='ltr'>Prnmiensis</span> <span class='ocrx_word' id='word_1_300' title='bbox 940 3425 1030 3479; x_wconf 85' lang='lat' dir='ltr'>iactus</span> <span class='ocrx_word' id='word_1_301' title='bbox 1042 3427 1085 3478; x_wconf 89' lang='lat' dir='ltr'>est</span> <span class='ocrx_word' id='word_1_302' title='bbox 1094 3428 1129 3493; x_wconf 89' lang='lat' dir='ltr'>(a.</span> <span class='ocrx_word' id='word_1_303' title='bbox 1138 3428 1298 3491; x_wconf 80' lang='lat' dir='ltr'>ssa-860),</span> <span class='ocrx_word' id='word_1_304' title='bbox 1309 3422 1353 3476; x_wconf 65' lang='grc' dir='ltr'>οἱ·</span> 
     </span>
     <span class='ocr_line' id='line_1_35' title="bbox 195 3493 1343 3565; baseline 0 -19"><span class='ocrx_word' id='word_1_305' title='bbox 195 3493 1343 3565; x_wconf 69' lang='lat' dir='ltr'>wwaaenbaeh,neussehlandsGeschichtsquellenimMittelsaerrpaoasqq.</span> 
     </span>
    </p>

    <p class='ocr_par' dir='ltr' id='par_1_4' title="bbox 194 3564 1346 4492">
     <span class='ocr_line' id='line_1_36' title="bbox 286 3564 1345 3636; baseline -0.002 -17"><span class='ocrx_word' id='word_1_306' title='bbox 286 3569 311 3635; x_wconf 93' lang='grc'>2)</span> <span class='ocrx_word' id='word_1_307' title='bbox 330 3567 403 3621; x_wconf 83' lang='lat' dir='ltr'>lioth</span> <span class='ocrx_word' id='word_1_308' title='bbox 419 3586 445 3636; x_wconf 93' lang='lat' dir='ltr'>p.</span> <span class='ocrx_word' id='word_1_309' title='bbox 461 3567 557 3622; x_wconf 89' lang='lat' dir='ltr'>XVllI.</span> <span class='ocrx_word' id='word_1_310' title='bbox 573 3600 607 3607; x_wconf 96' lang='lat'><em>-</em></span> <span class='ocrx_word' id='word_1_311' title='bbox 622 3568 780 3622; x_wconf 83' lang='lat' dir='ltr'>Einhardus</span> <span class='ocrx_word' id='word_1_312' title='bbox 800 3569 852 3622; x_wconf 92' lang='lat' dir='ltr'>etsi</span> <span class='ocrx_word' id='word_1_313' title='bbox 871 3586 927 3622; x_wconf 92' lang='lat' dir='ltr'>non</span> <span class='ocrx_word' id='word_1_314' title='bbox 945 3567 1066 3620; x_wconf 91' lang='lat' dir='ltr'>multum</span> <span class='ocrx_word' id='word_1_315' title='bbox 1081 3566 1188 3620; x_wconf 84' lang='lat' dir='ltr'>confert</span> <span class='ocrx_word' id='word_1_316' title='bbox 1204 3566 1240 3618; x_wconf 91' lang='lat' dir='ltr'>ad</span> <span class='ocrx_word' id='word_1_317' title='bbox 1259 3564 1345 3618; x_wconf 90' lang='lat' dir='ltr'>crisin</span> 
     </span>
     <span class='ocr_line' id='line_1_37' title="bbox 196 3635 1345 3710; baseline -0.003 -19"><span class='ocrx_word' id='word_1_318' title='bbox 196 3637 319 3703; x_wconf 78' lang='lat' dir='ltr'>Suetoni,</span> <span class='ocrx_word' id='word_1_319' title='bbox 330 3641 424 3692; x_wconf 86' lang='lat' dir='ltr'>tamen</span> <span class='ocrx_word' id='word_1_320' title='bbox 434 3639 624 3710; x_wconf 87' lang='lat' dir='ltr'>neglegendus</span> <span class='ocrx_word' id='word_1_321' title='bbox 635 3656 690 3693; x_wconf 94' lang='lat' dir='ltr'>non</span> <span class='ocrx_word' id='word_1_322' title='bbox 706 3644 749 3693; x_wconf 90' lang='lat' dir='ltr'>est</span> <span class='ocrx_word' id='word_1_323' title='bbox 760 3639 808 3708; x_wconf 83' lang='lat' dir='ltr'>(cf.</span> <span class='ocrx_word' id='word_1_324' title='bbox 819 3639 911 3692; x_wconf 90' lang='lat' dir='ltr'>Herm.</span> <span class='ocrx_word' id='word_1_325' title='bbox 924 3644 957 3691; x_wconf 85' lang='grc'>88</span> <span class='ocrx_word' id='word_1_326' title='bbox 968 3657 995 3707; x_wconf 94' lang='lat' dir='ltr'>p.</span> <span class='ocrx_word' id='word_1_327' title='bbox 1007 3643 1057 3691; x_wconf 82' lang='grc'>298</span> <span class='ocrx_word' id='word_1_328' title='bbox 1069 3639 1127 3706; x_wconf 79' lang='lat' dir='ltr'>sq).</span> <span class='ocrx_word' id='word_1_329' title='bbox 1153 3635 1345 3690; x_wconf 86' lang='lat' dir='ltr'>imitationum</span> 
     </span>
     <span class='ocr_line' id='line_1_38' title="bbox 195 3707 1346 3780; baseline -0.002 -18"><span class='ocrx_word' id='word_1_330' title='bbox 195 3710 377 3764; x_wconf 86' lang='lat' dir='ltr'>notabiliores</span> <span class='ocrx_word' id='word_1_331' title='bbox 388 3713 499 3764; x_wconf 86' lang='lat' dir='ltr'>tantum</span> <span class='ocrx_word' id='word_1_332' title='bbox 509 3711 583 3764; x_wconf 88' lang='lat' dir='ltr'>inter</span> <span class='ocrx_word' id='word_1_333' title='bbox 592 3711 755 3765; x_wconf 84' lang='lat' dir='ltr'>testimonia</span> <span class='ocrx_word' id='word_1_334' title='bbox 764 3711 855 3780; x_wconf 85' lang='lat' dir='ltr'>posui,</span> <span class='ocrx_word' id='word_1_335' title='bbox 872 3723 938 3764; x_wconf 87' lang='lat' dir='ltr'>usus</span> <span class='ocrx_word' id='word_1_336' title='bbox 950 3710 1078 3762; x_wconf 82' lang='lat' dir='ltr'>aditione</span> <span class='ocrx_word' id='word_1_337' title='bbox 1083 3707 1233 3762; x_wconf 72' lang='lat' dir='ltr'>Parthians</span> <span class='ocrx_word' id='word_1_338' title='bbox 1243 3709 1346 3775; x_wconf 84' lang='lat' dir='ltr'>quarta</span> 
     </span>
     <span class='ocr_line' id='line_1_39' title="bbox 195 3779 1343 3851; baseline -0.003 -17"><span class='ocrx_word' id='word_1_339' title='bbox 195 3797 280 3850; x_wconf 88' lang='lat' dir='ltr'>quam</span> <span class='ocrx_word' id='word_1_340' title='bbox 299 3781 410 3836; x_wconf 90' lang='lat' dir='ltr'>curauit</span> <span class='ocrx_word' id='word_1_341' title='bbox 429 3781 460 3836; x_wconf 83' lang='lat' dir='ltr'>G.</span> <span class='ocrx_word' id='word_1_342' title='bbox 477 3781 570 3835; x_wconf 87' lang='lat' dir='ltr'>Waitz</span> <span class='ocrx_word' id='word_1_343' title='bbox 586 3782 723 3851; x_wconf 88' lang='lat' dir='ltr'>(Hannov.</span> <span class='ocrx_word' id='word_1_344' title='bbox 740 3785 827 3851; x_wconf 84' lang='lat'>1880),</span> <span class='ocrx_word' id='word_1_345' title='bbox 847 3783 877 3834; x_wconf 93' lang='lat' dir='ltr'>in</span> <span class='ocrx_word' id='word_1_346' title='bbox 891 3799 947 3850; x_wconf 91' lang='lat' dir='ltr'>qua</span> <span class='ocrx_word' id='word_1_347' title='bbox 960 3781 1072 3850; x_wconf 87' lang='lat' dir='ltr'>potiora</span> <span class='ocrx_word' id='word_1_348' title='bbox 1089 3781 1225 3834; x_wconf 90' lang='lat' dir='ltr'>adnotata</span> <span class='ocrx_word' id='word_1_349' title='bbox 1239 3779 1343 3833; x_wconf 88' lang='lat' dir='ltr'>inueni.</span> 
     </span>
     <span class='ocr_line' id='line_1_40' title="bbox 196 3850 1345 3923; baseline -0.001 -18"><span class='ocrx_word' id='word_1_350' title='bbox 196 3853 358 3906; x_wconf 88' lang='lat' dir='ltr'>adiecemnt</span> <span class='ocrx_word' id='word_1_351' title='bbox 372 3852 507 3906; x_wconf 90' lang='lat' dir='ltr'>nonnulla</span> <span class='ocrx_word' id='word_1_352' title='bbox 522 3853 595 3906; x_wconf 85' lang='lat' dir='ltr'>Frid.</span> <span class='ocrx_word' id='word_1_353' title='bbox 608 3853 735 3907; x_wconf 86' lang='lat' dir='ltr'>Schmidt</span> <span class='ocrx_word' id='word_1_354' title='bbox 750 3853 800 3923; x_wconf 90' lang='lat' dir='ltr'>(De</span> <span class='ocrx_word' id='word_1_355' title='bbox 812 3853 953 3906; x_wconf 78' lang='lat' dir='ltr'>Einhardo</span> <span class='ocrx_word' id='word_1_356' title='bbox 969 3851 1095 3904; x_wconf 87' lang='lat' dir='ltr'>Suetonii</span> <span class='ocrx_word' id='word_1_357' title='bbox 1105 3850 1257 3917; x_wconf 88' lang='lat' dir='ltr'>imitatore,</span> <span class='ocrx_word' id='word_1_358' title='bbox 1271 3851 1345 3918; x_wconf 86' lang='lat' dir='ltr'>Bay·</span> 
     </span>
     <span class='ocr_line' id='line_1_41' title="bbox 195 3922 1345 3993; baseline -0.001 -18"><span class='ocrx_word' id='word_1_359' title='bbox 195 3924 277 3976; x_wconf 88' lang='lat' dir='ltr'>reuth</span> <span class='ocrx_word' id='word_1_360' title='bbox 298 3927 376 3993; x_wconf 89' lang='grc'>1880)</span> <span class='ocrx_word' id='word_1_361' title='bbox 397 3928 425 3979; x_wconf 87' lang='lat' dir='ltr'>et</span> <span class='ocrx_word' id='word_1_362' title='bbox 443 3925 480 3977; x_wconf 88' lang='lat' dir='ltr'>M.</span> <span class='ocrx_word' id='word_1_363' title='bbox 495 3924 630 3978; x_wconf 88' lang='lat' dir='ltr'>Manitius</span> <span class='ocrx_word' id='word_1_364' title='bbox 649 3924 751 3993; x_wconf 86' lang='lat' dir='ltr'>(Neues</span> <span class='ocrx_word' id='word_1_365' title='bbox 770 3924 873 3978; x_wconf 85' lang='lat' dir='ltr'>Archiv</span> <span class='ocrx_word' id='word_1_366' title='bbox 892 3923 943 3976; x_wconf 87' lang='lat' dir='ltr'>VH</span> <span class='ocrx_word' id='word_1_367' title='bbox 964 3928 1031 3977; x_wconf 82' lang='lat'>1882</span> <span class='ocrx_word' id='word_1_368' title='bbox 1051 3941 1077 3991; x_wconf 93' lang='lat' dir='ltr'>p.</span> <span class='ocrx_word' id='word_1_369' title='bbox 1095 3927 1145 3975; x_wconf 76' lang='lat'>530</span> <span class='ocrx_word' id='word_1_370' title='bbox 1157 3925 1240 3990; x_wconf 82' lang='lat' dir='ltr'>sqq),</span> <span class='ocrx_word' id='word_1_371' title='bbox 1264 3922 1345 3974; x_wconf 90' lang='lat' dir='ltr'>inda·</span> 
     </span>
     <span class='ocr_line' id='line_1_42' title="bbox 195 3993 1345 4136; baseline -0.003 -16"><span class='ocrx_word' id='word_1_372' title='bbox 195 3995 313 4120; x_wconf 70' lang='lat' dir='ltr'>{titt</span> <span class='ocrx_word' id='word_1_373' title='bbox 332 3995 538 4121; x_wconf 57' lang='lat' dir='ltr'>{iiiiii}</span> <span class='ocrx_word' id='word_1_374' title='bbox 553 3995 647 4120; x_wconf 72' lang='lat' dir='ltr'>titt</span> <span class='ocrx_word' id='word_1_375' title='bbox 671 3993 1345 4136; x_wconf 57' lang='lat' dir='ltr'>{stititttbttttltttambigitis</span> 
     </span>
     <span class='ocr_line' id='line_1_43' title="bbox 195 4135 1346 4207; baseline -0.002 -17"><span class='ocrx_word' id='word_1_376' title='bbox 195 4136 373 4207; x_wconf 81' lang='lat' dir='ltr'>Richtigkeit</span> <span class='ocrx_word' id='word_1_377' title='bbox 396 4138 534 4191; x_wconf 76' lang='lat' dir='ltr'>Einhards</span> <span class='ocrx_word' id='word_1_378' title='bbox 560 4139 589 4190; x_wconf 93' lang='lat' dir='ltr'>in</span> <span class='ocrx_word' id='word_1_379' title='bbox 613 4139 663 4192; x_wconf 89' lang='lat' dir='ltr'>der</span> <span class='ocrx_word' id='word_1_380' title='bbox 682 4138 749 4192; x_wconf 89' lang='lat' dir='ltr'>Vita</span> <span class='ocrx_word' id='word_1_381' title='bbox 772 4138 881 4202; x_wconf 87' lang='lat' dir='ltr'>Karoli,</span> <span class='ocrx_word' id='word_1_382' title='bbox 907 4136 997 4191; x_wconf 87' lang='lat' dir='ltr'>Berol.</span> <span class='ocrx_word' id='word_1_383' title='bbox 1014 4141 1102 4205; x_wconf 78' lang='grc'>1872).</span> <span class='ocrx_word' id='word_1_384' title='bbox 1140 4135 1175 4190; x_wconf 90' lang='lat' dir='ltr'>cf.</span> <span class='ocrx_word' id='word_1_385' title='bbox 1199 4139 1346 4204; x_wconf 85' lang='lat' dir='ltr'>praeterea</span> 
     </span>
     <span class='ocr_line' id='line_1_44' title="bbox 195 4208 1345 4277; baseline -0.002 -17"><span class='ocrx_word' id='word_1_386' title='bbox 195 4224 268 4276; x_wconf 89' lang='lat' dir='ltr'>quae</span> <span class='ocrx_word' id='word_1_387' title='bbox 287 4209 445 4277; x_wconf 86' lang='lat' dir='ltr'>disputauit</span> <span class='ocrx_word' id='word_1_388' title='bbox 461 4209 593 4263; x_wconf 82' lang='lat' dir='ltr'>Ernestus</span> <span class='ocrx_word' id='word_1_389' title='bbox 607 4209 764 4274; x_wconf 88' lang='lat' dir='ltr'>Bernheim,</span> <span class='ocrx_word' id='word_1_390' title='bbox 786 4209 888 4262; x_wconf 87' lang='lat' dir='ltr'>Histor.</span> <span class='ocrx_word' id='word_1_391' title='bbox 905 4208 1037 4262; x_wconf 73' lang='lat' dir='ltr'>Aufsbtze</span> <span class='ocrx_word' id='word_1_392' title='bbox 1057 4209 1120 4261; x_wconf 91' lang='lat' dir='ltr'>dem</span> <span class='ocrx_word' id='word_1_393' title='bbox 1134 4208 1290 4261; x_wconf 87' lang='lat' dir='ltr'>Andenlren</span> <span class='ocrx_word' id='word_1_394' title='bbox 1309 4224 1345 4259; x_wconf 87' lang='lat' dir='ltr'>an</span> 
     </span>
     <span class='ocr_line' id='line_1_45' title="bbox 196 4277 1345 4350; baseline -0.003 -17"><span class='ocrx_word' id='word_1_395' title='bbox 196 4277 288 4350; x_wconf 85' lang='lat' dir='ltr'>Georg</span> <span class='ocrx_word' id='word_1_396' title='bbox 306 4279 400 4334; x_wconf 90' lang='lat' dir='ltr'>Waitz</span> <span class='ocrx_word' id='word_1_397' title='bbox 419 4279 570 4349; x_wconf 87' lang='lat' dir='ltr'>gewidmet</span> <span class='ocrx_word' id='word_1_398' title='bbox 589 4281 724 4349; x_wconf 76' lang='lat' dir='ltr'>(Hannou</span> <span class='ocrx_word' id='word_1_399' title='bbox 742 4285 820 4346; x_wconf 86' lang='grc'>1886)</span> <span class='ocrx_word' id='word_1_400' title='bbox 844 4299 870 4348; x_wconf 90' lang='lat' dir='ltr'>p.</span> <span class='ocrx_word' id='word_1_401' title='bbox 887 4286 999 4344; x_wconf 79' lang='grc'>73-06,</span> <span class='ocrx_word' id='word_1_402' title='bbox 1024 4284 1053 4333; x_wconf 88' lang='lat' dir='ltr'>et</span> <span class='ocrx_word' id='word_1_403' title='bbox 1076 4279 1105 4332; x_wconf 92' lang='lat' dir='ltr'>in</span> <span class='ocrx_word' id='word_1_404' title='bbox 1129 4279 1290 4333; x_wconf 86' lang='lat' dir='ltr'>uniuersum</span> <span class='ocrx_word' id='word_1_405' title='bbox 1310 4278 1345 4330; x_wconf 91' lang='lat' dir='ltr'>de</span> 
     </span>
     <span class='ocr_line' id='line_1_46' title="bbox 194 4347 1344 4419; baseline -0.003 -15"><span class='ocrx_word' id='word_1_406' title='bbox 194 4350 256 4404; x_wconf 87' lang='lat' dir='ltr'>uita</span> <span class='ocrx_word' id='word_1_407' title='bbox 276 4351 380 4418; x_wconf 81' lang='lat' dir='ltr'>Caroli,</span> <span class='ocrx_word' id='word_1_408' title='bbox 410 4367 481 4419; x_wconf 91' lang='lat' dir='ltr'>quae</span> <span class='ocrx_word' id='word_1_409' title='bbox 506 4355 571 4405; x_wconf 89' lang='lat' dir='ltr'>ante</span> <span class='ocrx_word' id='word_1_410' title='bbox 596 4369 619 4405; x_wconf 90' lang='lat' dir='ltr'>a.</span> <span class='ocrx_word' id='word_1_411' title='bbox 636 4357 688 4406; x_wconf 89' lang='grc'>820</span> <span class='ocrx_word' id='word_1_412' title='bbox 712 4351 841 4406; x_wconf 87' lang='lat' dir='ltr'>absoluta</span> <span class='ocrx_word' id='word_1_413' title='bbox 866 4355 920 4417; x_wconf 89' lang='lat' dir='ltr'>est,</span> <span class='ocrx_word' id='word_1_414' title='bbox 940 4351 1143 4415; x_wconf 88' lang='lat' dir='ltr'>Wattenbaoh,</span> <span class='ocrx_word' id='word_1_415' title='bbox 1167 4347 1344 4404; x_wconf 86' lang='lat' dir='ltr'>Geschichts-</span> 
     </span>
     <span class='ocr_line' id='line_1_47' title="bbox 197 4419 554 4492; baseline 0.003 -17"><span class='ocrx_word' id='word_1_416' title='bbox 197 4422 308 4490; x_wconf 91' lang='lat' dir='ltr'>quellen</span> <span class='ocrx_word' id='word_1_417' title='bbox 328 4423 354 4477; x_wconf 71' lang='grc' dir='ltr'>Ι7</span> <span class='ocrx_word' id='word_1_418' title='bbox 373 4441 399 4491; x_wconf 92' lang='lat' dir='ltr'>p.</span> <span class='ocrx_word' id='word_1_419' title='bbox 416 4427 467 4475; x_wconf 87' lang='grc'>203</span> <span class='ocrx_word' id='word_1_420' title='bbox 478 4419 554 4492; x_wconf 75' lang='lat' dir='ltr'>⁸qu</span> 
     </span>
    </p>

    <p class='ocr_par' dir='ltr' id='par_1_5' title="bbox 286 4493 969 4563">
     <span class='ocr_line' id='line_1_48' title="bbox 286 4493 969 4563; baseline 0.003 -17"><span class='ocrx_word' id='word_1_421' title='bbox 286 4497 312 4563; x_wconf 89' lang='lat'>3)</span> <span class='ocrx_word' id='word_1_422' title='bbox 332 4493 364 4548; x_wconf 89' lang='lat' dir='ltr'>V.</span> <span class='ocrx_word' id='word_1_423' title='bbox 385 4497 566 4562; x_wconf 87' lang='lat' dir='ltr'>conspectum</span> <span class='ocrx_word' id='word_1_424' title='bbox 587 4494 750 4548; x_wconf 89' lang='lat' dir='ltr'>mendorum</span> <span class='ocrx_word' id='word_1_425' title='bbox 770 4493 844 4546; x_wconf 86' lang='lat' dir='ltr'>infra</span> <span class='ocrx_word' id='word_1_426' title='bbox 864 4494 969 4548; x_wconf 86' lang='lat' dir='ltr'>datum.</span> 
     </span>
    </p>
   </div>
   <div class='ocr_carea' id='block_1_4' title="bbox 0 0 1556 5110">
    <p class='ocr_par' dir='ltr' id='par_1_6' title="bbox 0 0 1556 5110">
     <span class='ocr_line' id='line_1_49' title="bbox 0 0 1556 5110; baseline 0 0"><span class='ocrx_word' id='word_1_427' title='bbox 0 0 1556 5110; x_wconf 95' lang='lat' dir='ltr'> </span> 
     </span>
    </p>
   </div>
  </div>
 </body>
</html>
