3136 5100
594 339 715 394 GALBA
735 351 801 400 [car.
817 350 891 400 7-10]
1248 339 1313 402 277

164 503 294 589 adfecit3
315 503 566 587 implorantique
585 503 672 589 leges
691 505 723 566 et
742 503 845 566 ciuem
862 501 1045 566 Romanum
1066 523 1098 566 se
1116 501 1315 584 testificanti,
1346 569 1349 575 ,

165 610 256 694 quasi
280 610 398 674 solacio
423 613 455 673 et
477 608 600 673 honore
619 609 727 694 aliquo
746 629 883 692 poenam
901 608 1076 692 leuaturas,
1099 608 1216 672 mutari
1234 608 1315 672 mul·

164 721 262 800 toque
292 719 420 801 praeter
450 720 573 781 ceteras
604 715 752 780 altiorem
783 719 815 779 et
845 715 1025 779 dealbatam
1058 715 1157 779 statui
1186 735 1313 779 crucem

165 823 267 887 iussit.
309 823 467 907 paulatim
492 823 525 886 in
549 823 705 886 desidiam
728 821 963 907 segnitiamque
985 843 1160 887 conuersus
1184 825 1246 904 est,
1274 843 1313 884 ne

135 929 242 1013 squid
265 931 416 994 materiae
439 929 608 1014 praeberet
630 928 754 994 Neroni
777 933 822 1010 et,
853 932 890 992 ut
919 928 1023 994 dicere
1047 928 1184 1011 solebat,
1215 927 1314 1011 quod

163 1058 271 1101 nemo
294 1036 485 1100 rationem
509 1037 582 1101 otii
605 1037 664 1101 sui
687 1035 843 1100 reddere
867 1040 1077 1122 cogeretur.

255 1142 449 1228 Carthagine
461 1165 549 1207 noua
562 1146 757 1207 conuentum
773 1164 871 1228 agens
890 1143 1080 1208 tumultuari
1095 1140 1214 1206 Gallias
1229 1162 1313 1205 com·

163 1249 248 1333 perit
271 1249 377 1335 legato
401 1249 596 1333 Aquitaniae
619 1249 739 1328 auxilia
766 1249 971 1334 implorant03
1004 1251 1259 1333 superuenerunt
1282 1250 1315 1311 et

164 1355 311 1420 Vindicis
334 1356 461 1420 litterae
484 1355 654 1439 hortantis,
677 1361 719 1420 ut
741 1354 905 1420 humano
929 1356 1062 1441 generi
1085 1359 1315 1420 assertorem

121 1462 372 1549 reducemque
397 1485 434 1528 se
458 1463 772 1528 accommodaret.
813 1484 872 1528 nee
896 1463 951 1526 diu
970 1465 1137 1527 cunctatus
1156 1461 1314 1526 condicio-

163 1591 237 1634 nem
257 1570 376 1654 partim
391 1574 479 1634 metu
496 1570 616 1653 partim
636 1591 691 1654 spe
710 1570 845 1654 recepit3
868 1592 943 1634 nam
962 1574 994 1634 et
1012 1569 1162 1634 mandata
1176 1567 1315 1633 Neronis

164 1675 201 1739 de
220 1696 298 1740 nece
318 1699 375 1741 sua
393 1677 433 1740 ad
452 1681 676 1761 procuratores
696 1678 778 1741 clam
796 1677 895 1740 missa
913 1676 1122 1761 deprenderat
1145 1680 1177 1740 et
1201 1675 1319 1739 confir-'
1364 1760 1366 1769 Ι

164 1782 314 1847 mabatur
345 1806 418 1848 cum
451 1783 690 1848 secundissimis
728 1783 880 1867 auspiciis
912 1787 945 1846 et
983 1782 1145 1847 ominibus
1177 1782 1314 1866 uirginis

163 1887 318 1954 honestae
341 1889 585 1972 uaticinatione,
609 1893 699 1954 tanto
724 1890 827 1974 magis
852 1889 937 1972 quod
961 1889 1070 1954 oedem
1094 1887 1151 1952 illa
1174 1887 1316 1951 carmina

119 2021 148 2062 15
166 1996 313 2059 sacerdos
336 1995 424 2060 Iouis
449 1995 581 2060 Cluniae
612 2018 651 2061 ex
679 1995 837 2081 penetrali
865 1997 991 2061 somnio
1020 1995 1163 2060 monitus
1192 1997 1316 2057 eruerat

164 2105 237 2164 ante
269 2101 423 2167 ducentos
453 2124 554 2167 annos
586 2103 735 2167 similiter
759 2125 777 2165 a
800 2101 931 2168 fatidica
961 2101 1069 2187 puella
1098 2099 1314 2185 pronuntiata.

164 2230 301 2292 quorum
326 2209 503 2273 carminum
528 2209 687 2274 sententia
710 2212 778 2274 erat
807 2210 997 2274 oriturum
1021 2207 1248 2293 quandoque
1272 2229 1315 2270 ex

163 2313 353 2399 Hispania
375 2315 591 2399 principem
613 2315 885 2399 dominumque
908 2338 1041 2380 rerum.

253 2421 358 2505 Igitur
380 2443 454 2486 cum
483 2423 575 2504 quasi
603 2422 850 2487 manumissioni
878 2426 1049 2487 uacaturus
1078 2419 1314 2486 conscendisset
1326 2419 1370 2486 10

118 2556 149 2595 so
163 2527 320 2611 tribunal,
343 2529 520 2612 propositis
543 2533 617 2592 ante
640 2549 673 2592 se
697 2529 920 2594 damnatorum
945 2530 1189 2612 occisorumque
1213 2551 1231 2590 a
1253 2526 1316 2590 Ne-

164 2620 242 2699 'rone
262 2657 357 2718 quam
377 2636 527 2719 plurimis
546 2636 743 2720 imaginibus
763 2642 795 2699 et
818 2642 942 2701 astante
961 2636 1063 2700 nobili
1087 2657 1196 2728 puero,
1221 2656 1315 2719 quem

165 2741 347 2828 exulantem
376 2765 393 2806 e
419 2743 566 2827 proxima
596 2743 715 2807 Baliari
745 2744 850 2807 insula
881 2743 922 2806 ob
951 2743 983 2806 id
1012 2745 1118 2827 ipsum
1148 2721 1316 2822 cecinerat,

166 2849 349 2932 deplorauit
372 2853 553 2933 temporum
580 2855 699 2914 statum
723 2850 1006 2932 consalutatusque
1034 2850 1210 2933 imperator
1232 2849 1316 2933 lega-

164 2959 235 3018 tum
259 2977 292 3019 se
317 2960 445 3020 senatus
471 2977 509 3020 ac
536 2956 649 3040 populi
674 2955 711 3019 R.
732 2957 896 3039 professus
925 2961 980 3020 est.
1024 2955 1097 3021 dein
1121 2955 1246 3019 iustitio
1271 2955 1355 3020 ina

118 3061 266 3145 aedicto,
298 3084 314 3126 e
344 3063 439 3146 plebe
472 3063 601 3146 quidem
634 3052 831 3147 prouinciae¹
854 3062 997 3148 legiones
1030 3067 1062 3126 et
1092 3063 1211 3126 auxilia
1244 3083 1317 3125 oon-

164 3168 294 3254 scripsit
323 3191 419 3252 snper
447 3170 622 3234 exercitum
653 3175 795 3234 ueterem
825 3169 963 3254 legionis
994 3170 1089 3233 unius
1118 3169 1316 3250 duarumque

163 3265 288 3338 alarum
312 3279 344 3338 et
368 3275 548 3340 cohortium
573 3276 686 3360 trium3
710 3279 743 3338 at
767 3297 784 3338 e
807 3275 1002 3360 primoribus
1026 3275 1196 3359 prudentia
1220 3280 1315 3359 atque

165 3387 268 3446 aetate
301 3382 540 3465 praestantibus
573 3383 625 3445 uel
657 3382 760 3446 instar
784 3387 924 3464 senatus,
963 3381 1002 3444 ad
1029 3403 1109 3466 quos
1134 3383 1172 3446 de
1195 3382 1317 3445 maiore

165 3510 200 3551 re
223 3488 372 3572 quotiens
397 3509 478 3572 opus
507 3493 591 3552 esset
619 3489 803 3572 referretur,
832 3488 981 3552 instituit.
1024 3489 1143 3573 delegit
1169 3493 1201 3553 et
1224 3510 1317 3573 eque·
1331 3501 1357 3552 'e

117 3623 149 3662 ao
164 3596 241 3660 stris
271 3594 393 3658 ordinis
426 3597 571 3678 iuuenes,
603 3594 658 3677 qui
686 3600 835 3660 manente
866 3595 1034 3659 anulorum
1065 3618 1233 3692 aurqorum
1257 3617 1317 3659 usu

238 3777 254 3822 4
273 3789 300 3825 a.
316 3772 353 3824 od
369 3789 397 3839 p.
413 3774 478 3836 278,
492 3775 530 3824 27
604 3777 633 3823 11
653 3757 748 3824 ”Victor
769 3771 843 3825 Caes.
860 3775 885 3835 5,
901 3775 934 3824 15
957 3771 1070 3838 cognito
1089 3771 1254 3824 mandatum
1274 3771 1317 3823 sui

166 3851 293 3904 exitium.
1106 3865 1107 3868 ¹

237 4001 252 4044 3
272 4011 340 4062 prae
356 3994 456 4048 ceteris
472 3995 588 4062 Bentley
648 3999 664 4045 4
679 3992 886 4062 segnitiamque
900 3993 986 4062 (sign-
997 3995 1026 4062 bl
1039 3996 1075 4047 M
1077 3994 1169 4048 GLSd
1185 3994 1228 4062 (cf.
1241 3993 1316 4047 Oros.

162 4076 201 4128 cd
217 4091 246 4144 p.
262 4077 399 4143 278,27)‚
419 4090 532 4141 -emque
551 4074 597 4127 rel.
614 4074 694 4141 (edd.)
773 4073 1047 4128 (incinerationem
1065 4075 1102 4127 M
1182 4072 1317 4126 'lKarta-

162 4154 228 4226 gine
246 4155 272 4209 G
359 4161 391 4206 12
410 4157 591 4222 procuratore
609 4153 634 4207 G
716 4159 748 4206 13
768 4153 897 4207 omnibus
914 4154 990 4219 Md,
1010 4153 1170 4206 hominibus
1186 4155 1246 4218 LT,
1266 4170 1315 4206 om.

164 4235 187 4303 Q
290 4237 319 4288 et
337 4241 401 4288 ante
419 4234 539 4304 uirginis
559 4235 622 4288 cdl.
644 4237 677 4298 X,
700 4235 762 4286 tum
782 4234 938 4288 Beroaldus
956 4235 1052 4304 (duty.)
1156 4239 1189 4286 22
1210 4232 1318 4286 baleari

163 4314 245 4384 (ball-
265 4315 300 4383 Τ)
320 4315 396 4368 codd.
413 4322 523 4383 praeter
543 4315 597 4368 Me
688 4319 721 4366 25
741 4312 880 4382 legionem
900 4315 1026 4367 Heraeus
1044 4312 1082 4367 ad
1105 4315 1166 4367 Tac.
1187 4315 1248 4367 hist.
1269 4315 1320 4366 16

162 4399 196 4447 27
211 4394 365 4463 prudentia
379 4396 464 4463 atque
478 4398 508 4458 T,
527 4395 735 4462 prudentiaque
747 4396 789 4459 Μ,
804 4393 1011 4461 prudentiaque
1026 4396 1055 4446 et
1069 4393 1124 4448 GX
1136 4394 1238 4462 (Oedi,
1253 4411 1305 4462 pru

162 4474 262 4527 dencia
283 4477 310 4528 ot
330 4479 355 4538 d,
376 4495 412 4528 on
433 4477 527 4528 aetate
548 4473 775 4543 prudentiaque?
848 4479 881 4528 28
901 4473 958 4544 uel]
979 4474 1057 4526 uelut
1075 4477 1098 4527 T
1117 4475 1212 4544 (culp.)
