3108 5102
240 269 306 333 332
588 269 615 324 c.
637 269 794 323 svnroru
813 269 1036 335 Tauronem

204 450 220 496 3
328 431 474 497 Fratrem
496 432 642 497 insidiari
665 434 727 497 sibi
749 454 815 497 non
835 432 1040 517 desinentem,
1065 433 1120 497 sed
1138 457 1240 520 paene
1261 458 1300 499 ex
1316 456 1407 520 pro-

238 540 323 604 fesso
345 541 571 605 sollicitantem
585 540 753 624 exercitae,
774 541 980 605 meditantem
994 541 1115 626 fugam,
1129 564 1233 627 neque
1249 541 1407 607 occidere

239 669 343 730 neque
358 669 511 732 seponere
526 669 563 711 ac
576 669 617 710 ne
632 647 666 710 in
680 648 804 712 minore
818 646 947 730 quidem
960 647 1082 714 honore
1097 648 1215 712 habere
1229 647 1407 730 sustinuit,

241 754 305 837 sed,
327 759 364 820 ut
382 776 401 832 a
419 755 522 840 primo
543 754 669 838 imperii
693 754 754 838 die,
776 760 957 820 consortem
976 776 1256 839 successoremque
1280 755 1409 826 testari

239 861 466 946 perseuerauit,
489 883 729 944 nonnumquam
753 865 875 928 secreto
898 862 1048 946 precibus
1067 867 1100 926 et
1123 863 1264 932 lacrimis
1288 885 1408 946 orans,
1439 888 1456 926 e

190 967 283 1034 ltlut
301 969 453 1034 tandem
470 974 601 1034 mutuo
626 989 715 1053 erga
739 990 777 1031 se
797 968 920 1033 animo
939 968 1061 1036 uellet
1080 990 1170 1034 esse.
1212 969 1296 1034 inter
1314 970 1409 1034 haec

240 1079 344 1142 morte
367 1079 560 1159 praeuentus
585 1079 634 1138 est
656 1076 777 1140 maiore
801 1075 968 1139 hominum
992 1074 1107 1142 damno
1134 1098 1230 1161 quam
1252 1098 1322 1140 suo.

332 1180 529 1266 Spectaculis
549 1182 715 1264 absolutis,
740 1183 774 1246 in
794 1203 929 1265 quorum
948 1182 1012 1247 fine
1030 1184 1151 1267 populo
1172 1204 1280 1252 coram
1303 1183 1409 1247 uber·

241 1290 301 1353 tim
320 1288 459 1373 deuoret,
484 1286 620 1354 Sabinos
639 1289 722 1373 petit
743 1288 908 1372 aliquanto
932 1290 1065 1374 tristior,
1089 1290 1175 1373 quod
1199 1289 1408 1355 sacrificanti

242 1396 348 1460 hostia
372 1395 541 1480 aufugerat
565 1396 714 1478 quodque
737 1400 928 1480 tempestate
949 1418 1061 1474 serena
1077 1400 1238 1462 tenuerat.
1279 1395 1407 1462 deinde
1424 1421 1456 1460 ro

244 1503 282 1568 ad
301 1503 438 1585 primam
457 1505 565 1566 statim
585 1504 782 1566 mansionem
800 1503 916 1572 febrim
934 1508 1080 1586 nanctus,
1105 1526 1178 1568 cum
1191 1502 1266 1567 inde
1280 1502 1409 1571 lectica

243 1593 483 1692 transferretur,
503 1611 684 1693 suspexisse
703 1608 822 1676 dicitur
845 1611 975 1676 dimotis
998 1611 1131 1695 pallulis
1156 1612 1287 1691 caelum,
1315 1609 1407 1674 mul

243 1722 377 1800 tumque
408 1720 600 1800 conquestus
631 1718 731 1801 eripi
760 1718 834 1780 sibi
862 1717 981 1780 uitam
1010 1717 1240 1800 immerenti3
1272 1739 1407 1800 neque

245 1825 343 1887 enim
363 1828 492 1887 extare
511 1825 631 1887 ullum
651 1846 759 1888 suum
778 1823 922 1888 factum
940 1823 1212 1906 paenitendum
1232 1827 1404 1906 excepto

210 1948 224 1994 2
245 1930 331 1994 dum
353 1935 461 1994 taxat
488 1953 570 1994 uno.
616 1931 650 1994 id
674 1929 767 2014 quale
790 1931 900 2015 fuerit,
932 1953 1035 2014 neque
1059 1931 1128 2015 ipse
1152 1935 1229 1995 tunc
1252 1931 1407 2016 prodidit
1424 1956 1452 1994 15

244 2060 348 2121 neque
376 2039 525 2120 cuiquam
553 2037 647 2103 facile
676 2042 849 2102 succurrat.
900 2037 1030 2121 quidam
1062 2037 1236 2121 opinantur
1266 2058 1404 2101 consue-

244 2147 389 2209 tudinem
416 2145 633 2228 recordatum,
665 2167 761 2228 quam
793 2166 865 2208 cum
893 2144 1003 2208 fratris
1026 2166 1125 2209 uxore
1148 2142 1308 2229 habuerit3
1343 2143 1405 2212 sed

245 2251 366 2317 nullam
396 2252 547 2316 habuisse
577 2255 744 2335 persancte
775 2251 918 2314 Domitia
948 2251 1086 2332 iurabat,
1116 2250 1202 2314 haud
1231 2254 1404 2334 negatura,

247 2361 274 2424 si
289 2381 352 2441 qua
366 2360 495 2424 omnino
510 2359 632 2442 fuisset,
652 2359 750 2422 immo
767 2359 862 2422 etiam
884 2359 1069 2443 gloriatura,
1093 2358 1178 2441 quod
1198 2358 1247 2421 illi
1266 2379 1403 2442 promp-

245 2466 405 2530 tissimum
429 2469 496 2530 erat
519 2467 552 2528 in
576 2465 723 2530 omnibus
748 2465 886 2548 probris.
905 2477 907 2484 '
1417 2490 1447 2529 eo

195 2570 238 2638 11
336 2572 483 2636 Excessit
510 2574 544 2635 in
572 2573 681 2636 eadem
712 2594 774 2654 qua
804 2576 895 2656 pater
923 2573 1002 2636 uilla
1030 2571 1074 2635 ld.
1100 2569 1186 2655 Sept.
1210 2575 1285 2654 post
1308 2570 1402 2660 bien-

247 2679 336 2743 nium
369 2700 405 2741 ac
434 2700 558 2741 menses
588 2679 669 2742 duos
701 2678 832 2761 diesque
855 2678 916 2741 XX
944 2701 1040 2762 quam
1074 2681 1270 2744 successerat
1300 2679 1401 2762 patri,

321 2842 333 2888 1
355 2837 433 2903 Epir.
449 2841 535 2901 10,11
555 2835 670 2890 fratrem
689 2853 800 2904 quoque
816 2836 1008 2889 Domitianum
1022 2837 1171 2903 parantem
1190 2835 1308 2888 insidias
1323 2835 1400 2888 mili-

247 2920 363 2984 tumque
384 2917 491 2968 animos
510 2915 710 2970 sollicitantem
729 2916 797 2969 flens
817 2917 928 2984 saepius
948 2916 1104 2969 obtestatus
1125 2918 1175 2982 est,
1195 2931 1229 2968 ne
1244 2915 1399 2983 parricidio

248 2996 365 3064 adsequi
381 2999 503 3064 cuperet,
521 2996 596 3063 quod
610 3000 638 3048 et
653 3013 681 3048 se
695 2995 809 3049 uolente
827 2998 900 3049 esset
915 2995 1100 3049 obuenturum
1116 2997 1141 3049 ei
1157 2998 1185 3050 et
1199 2996 1256 3048 iam
1270 2994 1399 3061 haberet,

249 3094 312 3130 cum
331 3077 368 3130 sit
381 3077 523 3144 particeps
538 3077 696 3144 potestatis.
772 3081 786 3128 7
806 3078 924 3143 Eutrop.
946 3077 1007 3129 VII
1020 3080 1091 3142 22,r
1112 3091 1162 3144 per
1176 3076 1245 3130 haec
1260 3075 1400 3128 inusitato

247 3158 345 3210 fauore
361 3157 480 3210 dilectus
495 3157 587 3224 periit.
658 3163 688 3209 11
710 3159 788 3224 Epir.
806 3162 894 3222 10,15
914 3155 986 3209 febri
1001 3157 1109 3209 interiit
1123 3155 1400 3225 (VictorOaca10,5

247 3240 374 3306 ueneno).
458 3243 489 3291 13
514 3238 618 3291 Ausere.
633 3240 725 3301 271,3
748 3255 832 3289 unum
855 3237 950 3288 dixisti
969 3237 1089 3290 moriens
1108 3239 1137 3289 te
1157 3237 1261 3290 crimen
1280 3235 1399 3288 habere:

249 3318 298 3372 sed
318 3317 389 3370 nulli
409 3318 443 3371 dc
462 3320 499 3384 tc,
518 3334 569 3370 nec
586 3317 639 3369 tibi
655 3316 831 3383 credidimus.
906 3322 938 3368 21
959 3318 1077 3385 Eutrcp.
1098 3318 1218 3381 V1122,
1234 3322 1249 3368 1
1269 3317 1354 3384 periit
1369 3317 1400 3368 in

249 3415 291 3465 ea,
311 3415 367 3465 qua
386 3400 474 3466 pater,
493 3397 564 3450 uilla
582 3401 647 3466 post
665 3397 809 3450 biennium
824 3400 852 3451 et
866 3413 974 3450 menses
990 3399 1052 3450 octo
1068 3397 1148 3465 (duos
1165 3399 1318 3464 Ere-orcae),
1338 3397 1399 3448 dies

250 3477 404 3547 (diesque?)
423 3478 540 3546 uiginti,
560 3493 645 3546 quam
664 3478 818 3544 imperator
837 3480 897 3530 erat
915 3477 1020 3542 factus,
1046 3477 1148 3531 aetatis
1168 3493 1240 3530 anno
1260 3476 1350 3529 altero
1370 3479 1401 3530 et

250 3557 474 3626 quadragesimo.
510 3559 575 3610 Vict.
594 3559 666 3626 Coos.
683 3563 754 3622 10,5
773 3557 887 3611 biennio
906 3560 971 3625 post
990 3574 1023 3610 ac
1041 3574 1151 3612 menses
1171 3557 1229 3611 fere
1243 3572 1344 3610 nouem

250 3637 359 3690 interiit
378 3655 450 3690 anno
470 3636 534 3690 aeui
557 3638 779 3708 quadragesimo.
818 3639 895 3706 Epir.
912 3643 981 3703 10,1
1006 3637 1157 3706 imperauit
1175 3654 1261 3690 annos
1281 3637 1350 3689 duos
1370 3637 1399 3690 ct

249 3733 358 3771 menses
378 3717 448 3770 duos
468 3717 583 3785 diesque
602 3717 714 3788 uiginti.
754 3723 841 3783 10,15
860 3716 933 3770 uixit
951 3735 1038 3771 annos
1057 3717 1247 3786 quadraginta
1264 3734 1353 3769 unum
1370 3717 1399 3771 et

323 3867 338 3914 3
357 3861 504 3915 imminere
520 3863 563 3927 M,
581 3860 746 3915 imminuere
769 3863 793 3913 Τ
856 3861 959 3915 habere
978 3863 1067 3915 omY
1137 3866 1152 3912 5
1171 3859 1311 3929 precipib:
1328 3861 1366 3913 M

250 3941 374 3994 lacrimis
389 3943 418 3995 et
434 3941 563 4010 precibus
578 3944 601 3993 Τ
614 3943 709 4011 (utriq.)
783 3947 798 3992 6
817 3943 926 3994 mutato
943 3941 1039 3994 Medd.
1114 3944 1147 3993 10
1167 3939 1313 4008 aufegerat
1329 3941 1366 3993 M

253 4029 284 4074 11
305 4021 412 4076 febrem
428 4021 453 4075 G
468 4023 517 4090 (sic
538 4021 604 4076 Otho
620 4024 683 4090 ca)
756 4027 787 4072 12
807 4020 922 4088 pallulis
938 4022 1053 4086 MLPd,
1072 4019 1197 4088 palludis
1214 4019 1248 4086 G,
1267 4018 1399 4087 paludib3

255 4106 289 4169 Τ,
317 4101 524 4171 paludamentis
544 4102 675 4171 (palude-
697 4102 728 4170 0)
751 4101 823 4155 OST
839 4108 862 4154 ct
882 4102 1042 4169 spissime,
1070 4099 1193 4169 pellibus
1212 4101 1257 4154 uel
1273 4097 1399 4168 palliolis

251 4184 295 4237 uel
317 4182 440 4253 plagulis
465 4183 508 4236 cel
530 4182 626 4250 palliis
645 4184 755 4250 aliaque
775 4183 805 4233 ia
828 4180 1022 4236 recentioribus
1040 4184 1077 4249 (a.
1093 4183 1187 4235 Herm.
1204 4185 1240 4234 36
1255 4197 1284 4247 p.
1301 4183 1400 4260 301811.Ι

252 4268 332 4334 3712.
349 4266 412 4330 590)
487 4267 518 4315 13
539 4266 706 4330 conquestus
727 4264 769 4315 est
788 4263 821 4315 H
898 4269 930 4314 14
949 4261 1114 4315 existeret}
1192 4260 1299 4312 factum
1318 4276 1399 4312 suum

256 4343 353 4398 POST
420 4343 590 4410 paenitendo
611 4344 697 4397 Mne
716 4351 741 4396 et
754 4359 808 4410 pro
828 4358 853 4393 c.
876 4343 891 4394 l.
912 4342 966 4407 11²,
993 4342 1067 4409 quod
1087 4341 1142 4394 sibi
1161 4342 1234 4393 esset
1252 4337 1400 4408 paeniten-

253 4422 319 4474 dum
339 4423 373 4475 H
461 4429 492 4475 16
513 4424 648 4478 succurrit
669 4421 785 4476 GHRS²
871 4441 875 4449 ’
