3142 5112
258 350 300 416 68
514 349 524 368 “
610 351 638 406 C.
658 351 814 406 SVETONI
832 351 1054 416 TRANQVILLI

203 511 329 599 aeras,
352 516 450 579 etiam
472 515 506 579 in
529 517 695 599 posterum
717 515 890 599 praestitit.
929 514 1060 599 publica
1081 535 1177 598 opera
1194 514 1334 599 plurima
1352 535 1405 580 ex-

256 620 368 706 truxit,
387 643 404 686 e
423 621 541 706 quibus
560 622 612 686 uel
630 621 814 706 praecipua:
832 621 941 686 forum
959 642 1032 685 cum
1052 622 1127 686 aede
1141 621 1256 686 Martis
1269 620 1405 703 Vltoris,

256 728 413 812 templum
422 714 585 819 Apollinis
599 729 634 792 in
646 727 783 811 Palatio,
794 727 904 792 aedem
913 726 1068 792 Tonantis
1082 725 1170 792 Iouis
1184 729 1220 792 in
1234 727 1404 811 Capitolia.

256 835 319 900 fori
331 835 499 900 extruendi
513 857 608 900 causa
621 833 684 899 fuit
698 833 867 926 hominum
882 839 913 898 11
925 834 1117 899 iudiciorum
1128 835 1311 917 multitudo,
1322 857 1405 920 quae

256 941 426 1006 addebatur
456 965 522 1006 non
558 941 794 1006 sufficientibus
827 940 951 1004 duobus
988 941 1085 1004 etiam
1117 941 1214 1005 tertio
1246 941 1405 1027 indigere3
1440 965 1455 1004 s

255 1049 367 1131 itaque
398 1048 580 1114 festinatius
611 1049 749 1112 necdum
780 1047 924 1132 perfecta
952 1047 1067 1111 Martis
1097 1048 1174 1113 aede
1202 1048 1406 1131 publicatum

256 1158 305 1220 est
328 1158 531 1240 cautumque,
553 1159 591 1219 ut
609 1155 783 1238 separatim
801 1155 835 1218 in
858 1175 896 1218 eo
918 1154 1049 1237 publica
1071 1154 1191 1219 iudicia
1213 1159 1246 1220 et
1263 1157 1406 1219 sortitio

220 1275 312 1328 2nes
334 1262 477 1328 iudicum
503 1262 626 1326 fierent.
668 1261 777 1325 aedem
800 1261 915 1326 Martis
942 1260 1028 1326 bello
1050 1260 1253 1346 Philippensi
1275 1284 1334 1346 pro
1358 1263 1407 1326 ul-

196 1379 200 1386 “
255 1368 344 1434 tione
376 1373 510 1452 paterna
541 1372 690 1452 suscepto
723 1371 871 1453 uouerat3
907 1369 1015 1432 sanxit
1047 1390 1138 1454 ergo,
1169 1371 1208 1432 ut
1239 1369 1279 1432 de
1309 1369 1406 1433 bellis

255 1474 492 1560 triumphisque
525 1475 579 1540 hic
611 1475 830 1538 consuleretur
857 1479 1000 1558 senatuS,
1031 1475 1214 1558 prouincias
1244 1497 1317 1540 cum
1346 1475 1407 1540 im·
1424 1497 1455 1538 ro

254 1583 346 1665 perio
374 1583 509 1666 petituri
538 1580 614 1648 hinc
644 1581 890 1664 deducerentur,
920 1580 1039 1665 quique
1068 1581 1209 1646 uictores
1238 1581 1406 1664 redissent,

221 1699 237 1746 3
256 1687 320 1752 huc
342 1688 482 1774 insignia
505 1686 744 1772 triumphorum
773 1687 963 1752 conferrent.
1005 1688 1162 1771 templum
1184 1687 1347 1772 Apollinis
1370 1688 1406 1752 in

256 1815 293 1858 ea
316 1799 406 1878 parte
428 1794 594 1860 Palatinae
618 1795 732 1860 domus
755 1794 921 1878 excitauit,
949 1816 1045 1877 quam
1073 1793 1210 1858 fulmme
1232 1795 1406 1883 1111111111-

254 1901 386 1966 siderari
409 1923 428 1964 a
451 1901 511 1966 deo
533 1900 719 1984 haruspices
738 1900 999 1985 pronuntiarant3
1022 1900 1145 1964 addidit
1166 1901 1311 1983 porticus
1330 1922 1403 1964 cum

255 2007 452 2072 bibliotheca
482 2005 599 2072 Latina
632 2005 831 2090 Graecaque,
869 2026 934 2087 quo
966 2005 1039 2070 loco
1075 2005 1140 2070 iarn
1172 2007 1279 2070 senior
1310 2028 1406 2091 saepe
1425 2029 1455 2070 m

254 2114 350 2178 etiam
379 2118 526 2178 senatum
553 2112 669 2178 habuit
696 2112 905 2195 decuriasque
933 2112 1076 2178 iudicum
1103 2113 1301 2198 recognouit.
1342 2113 1406 2178 To

254 2220 346 2284 nanti
372 2218 445 2283 Ioui
473 2220 583 2284 aedem
611 2219 812 2283 consecrauit
837 2218 994 2284 liberatus
1020 2219 1178 2303 periculo,
1208 2239 1282 2284 cum
1310 2241 1404 2304 expe-

149 2405 154 2412 ·
255 2326 376 2390 ditione
405 2325 597 2391 Cantabrica
623 2348 681 2409 per
708 2329 903 2390 nocturnum
935 2326 996 2389 iter
1022 2325 1170 2390 lecticam
1198 2326 1266 2390 eius
1293 2326 1407 2411 fulgur

219 2433 515 2515 apraestrinxisset
546 2454 737 2516 seruumque
774 2433 1011 2516 praelucentem
1041 2433 1263 2497 exanimasset.
1309 2455 1405 2516 quaa-

254 2538 327 2602 dam
360 2538 457 2602 etiam
490 2559 587 2622 opera
618 2538 680 2602 sub
710 2539 841 2602 nomine
873 2539 991 2621 alieno,
1028 2543 1183 2622 nepotum
1215 2540 1338 2604 scilieet
1370 2544 1407 2604 11
1423 2561 1455 2602 ao

254 2647 364 2708 uxoris
388 2645 572 2728 sororisque
591 2645 676 2727 fecit,
699 2650 737 2708 nt
754 2645 916 2728 porticum
935 2645 1166 2729 basilicamque
1185 2644 1246 2710 Gai
1264 2650 1296 2710 et
1314 2645 1406 2730 Luci,

255 2752 333 2816 item
360 2752 504 2834 porticus
526 2752 637 2816 Liuiae
666 2755 698 2814 et
722 2749 874 2816 Octauiae
902 2752 1130 2835 theatrumque
1153 2752 1306 2818 Marcelli.
1347 2753 1406 2816 sed

257 2862 289 2924 et
312 2863 434 2924 ceteros
456 2858 617 2942 principes
640 2859 728 2922 uiros
752 2879 845 2940 saepe
867 2858 1016 2922 hortatus
1035 2863 1091 2942 est,
1114 2863 1151 2922 ut
1169 2881 1229 2942 pro
1247 2859 1405 2924 facultate

255 2965 391 3049 quisque
414 2965 621 3030 monimentis
648 2965 702 3028 uel
723 2965 817 3028 nouis
843 2965 896 3028 1111
918 2965 1047 3028 refectis
1075 2968 1106 3030 et
1130 2965 1265 3030 excultis
1288 2964 1405 3030 urbem

220 3072 455 3138 tadornarent.
496 3071 662 3154 multaque
690 3094 708 3134 a
736 3070 847 3134 multis
876 3076 955 3135 tune
982 3075 1128 3136 extructa
1155 3076 1243 3155 sunt,
1272 3072 1356 3136 siout
1384 3095 1405 3136 a
1420 3093 1449 3134 rs

254 3179 376 3242 Marcio
409 3176 560 3260 Philippo
593 3176 686 3241 aedes
718 3176 868 3242 Herculis
900 3177 1077 3259 Musarum,
1115 3202 1134 3242 a
1164 3177 1199 3242 L.
1229 3177 1403 3242 Cornificio

254 3285 347 3349 aedes
370 3284 501 3369 Dianae,
521 3283 562 3346 ab
581 3283 694 3347 Asinio
714 3282 861 3347 Pollione
881 3284 998 3347 atrium
1016 3284 1201 3368 Libertatis,
1219 3307 1237 3347 a
1255 3283 1403 3349 Munatio

256 3391 375 3456 Planco
399 3391 491 3454 aedes
516 3389 660 3474 Saturni,
688 3413 706 3453 a
731 3388 879 3454 Cornelio
903 3390 1006 3456 Balbo
1030 3391 1205 3474 theatrum,
1228 3413 1247 3455 a
1271 3389 1402 3455 Statilio

254 3499 360 3562 Tauro
380 3497 662 3581 amphitheatrum,
681 3496 756 3560 aM.
771 3518 848 3561 uero
862 3496 1010 3582 Agrippa
1029 3497 1194 3582 complura
1213 3501 1246 3562 et
1263 3498 1402 3584 egregia.

328 3766 342 3812 1
363 3761 502 3814 Einhord.
516 3766 551 3814 17
570 3777 655 3829 opera
671 3803 709 3816 ...
725 3761 848 3829 plurima
864 3805 903 3816 ...
920 3760 1065 3814 inchoauit
1080 3803 1085 3814 .
1098 3804 1121 3815 ..
1137 3761 1211 3816 inter
1229 3778 1301 3830 quae
1320 3777 1403 3830 prae·

254 3842 339 3910 cipua
357 3858 407 3909 eqo.
429 3843 535 3910 (cfl12)

326 4077 342 4124 6
360 4071 487 4141 perfecta
504 4073 602 4126 martis
622 4072 802 4141 aeduplieatir
823 4072 849 4124 V
921 4076 937 4123 8
957 4071 1040 4126 marti
1055 4075 1084 4124 X
1156 4072 1264 4126 ultione
1283 4090 1334 4139 ρς,
1358 4073 1402 4126 ui·

256 4151 333 4204 sione
348 4155 374 4204 a
398 4153 571 4221 <G.Backcr),
590 4151 727 4220 religione
741 4151 877 4206 Ierastedt
950 4157 982 4204 14
1001 4152 1219 4220 pronuntiarent
1238 4152 1402 4220 Stephanus,

255 4232 470 4300 pronuntiarent
484 4236 510 4286 a
529 4233 619 4300 (nunt
639 4233 668 4298 T,
688 4233 813 4299 Bentley)
888 4236 920 4284 16
941 4231 1068 4286 decurias
1085 4233 1111 4286 V
1181 4237 1213 4286 19
1234 4248 1402 4299 remumque

255 4327 339 4378 usqne
358 4312 545 4364 exanimasset
559 4328 607 4364 oar.
626 4313 652 4364 V
718 4311 957 4380 pnateducentam
972 4315 1000 4364 X
1070 4318 1103 4365 19
1122 4312 1274 4382 quaedam]
1290 4327 1363 4378 quae
1379 4313 1406 4364 V

255 4396 288 4444 21
310 4389 466 4456 sororisque
480 4393 508 4455 Y,
529 4393 558 4442 11
577 4391 678 4444 rrorori
691 4391 724 4456 G,
744 4407 777 4444 ac
796 4392 898 4444 sororis
914 4395 946 4458 X,
967 4394 1068 4446 sororis
1088 4395 1124 4446 M
1129 4391 1231 4461 V(tl?)‚
1251 4408 1284 4446 cc
1298 4391 1401 4446 sororis

255 4469 452 4540 (generique)
465 4471 561 4524 Medd.
635 4475 669 4524 23
689 4473 796 4524 ortatus
816 4473 850 4525 M
859 4472 906 4525 VS
911 4472 925 4536 ¹,
946 4472 1111 4526 adhortatus
1127 4473 1301 4542 11111111)
