3108 5102
496 365 723 421 Doulrvas
743 379 809 428 [cae.
826 379 913 429 ao-sa]
1215 369 1281 434 353

128 553 189 594 nas
211 532 281 615 ipse
304 531 478 596 deuelleret
501 534 693 613 nataretque
716 532 801 594 inter
823 531 1065 616 uulgatissimas
1087 533 1279 598 meretrices.

125 638 239 702 fratris
253 639 354 703 filiam
368 638 474 703 adhuc
488 639 648 723 uirginem
664 637 806 702 oblatam
822 638 856 702 in
869 640 1112 704 matrimonium
1127 639 1191 704 sibi
1206 655 1279 704 cum

127 743 299 809 deuinctus
335 745 498 810 Domitiae
534 745 657 829 nuptiis
693 745 949 828 pertinacissime
985 750 1173 829 recusasset,
1213 769 1280 811 non

126 851 232 916 multo
260 857 335 937 post
363 853 419 918 alii
449 853 650 917 conlocatam
681 853 826 936 eorrupit
856 853 942 917 ultro
979 857 1010 916 et
1040 854 1169 936 quidem
1202 854 1279 919 uiuo

18 941 24 950 ⁶
87 982 105 1022 s
127 959 225 1022 etiam
240 963 310 1023 tum
321 957 410 1043 Tit03
424 981 499 1024 mox
514 963 604 1044 patre
624 981 661 1023 ac
674 961 746 1024 uiro
762 959 908 1024 orbatam
924 960 1145 1024 ardentissime
1159 961 1280 1044 palam·

127 1087 193 1148 que
216 1065 337 1150 dilexit,
360 1069 397 1130 ut
417 1067 513 1130 etiam
533 1088 627 1130 causa
646 1067 760 1131 mortis
779 1065 923 1131 extiterit
942 1071 1070 1131 coactae
1089 1071 1279 1150 conceptum

125 1194 145 1235 a
170 1195 204 1236 se
226 1173 363 1258 abigere.

218 1277 367 1344 Occisum
387 1302 460 1344 eum
479 1279 620 1365 populus
639 1279 865 1366 indifferenter,
884 1281 976 1346 miles
995 1281 1186 1367 grauissime
1201 1281 1278 1345 tulit
1288 1276 1332 1342 23

124 1387 303 1470 statimque
333 1385 455 1451 Diuum
488 1386 648 1470 appellare
679 1391 813 1452 conatus
843 1392 902 1472 est,
931 1391 1063 1471 paratus
1094 1393 1125 1452 et
1155 1388 1279 1472 ulcisci,

75 1516 107 1556 ιο
124 1495 192 1558 nisi
216 1494 311 1558 duces
336 1493 525 1576 defuissent3
551 1494 639 1576 quod
663 1493 791 1576 quidem
814 1494 912 1579 paulo
935 1498 1010 1578 post
1028 1495 1106 1559 fecit
1125 1499 1276 1579 expostu-

122 1601 201 1665 latis
237 1601 278 1665 ad
315 1621 451 1684 poenam
488 1602 741 1683 pertinacissime
779 1601 884 1664 caedis
916 1601 1109 1668 auctoribus.
1165 1607 1277 1667 contra

124 1711 258 1773 senatus
277 1708 356 1772 adeo
375 1709 513 1772 laetatus
532 1711 590 1792 est,
609 1711 645 1770 nt
664 1709 785 1792 repleta
800 1709 948 1773 certatim
964 1709 1052 1773 curia
1070 1730 1138 1773 non
1155 1714 1277 1792 tempe-

125 1819 223 1900 raret,
248 1815 327 1898 quin
350 1818 514 1880 mortuum
535 1810 860 1879 contumeliosissimo
880 1819 977 1898 atque
996 1816 1203 1881 acerbissimo
1224 1816 1278 1880 ad-

125 1919 358 1986 clamationum
381 1943 497 2006 genere
520 1922 683 2006 laceraret,
711 1921 814 1986 scalas
838 1922 934 1986 etiam
958 1921 1071 1986 inferri
1094 1922 1280 2006 clipeosque

76 2049 107 2090 rs
127 2031 162 2092 et
186 2025 342 2113 imagines
367 2030 435 2093 eius
460 2050 568 2092 coram
593 2028 719 2092 detrahi
741 2032 773 2092 et
796 2028 916 2092 ibidem
936 2030 1005 2093 solo
1025 2029 1128 2114 affligi
1146 2029 1272 2094 iuberet

124 2136 304 2200 nouissime
328 2135 502 2200 eradendos
521 2136 642 2218 ubique
661 2136 775 2200 titulos
794 2135 1049 2218 abolendamque
1070 2157 1196 2202 omnem
1215 2160 1279 2203 me·
1380 2212 1382 2218 y

125 2243 264 2306 moriam
288 2243 479 2307 decerneret.

215 2347 301 2413 Ante
320 2371 439 2434 paucos
459 2371 555 2432 quam
575 2349 774 2414 occideretur
793 2369 917 2414 menses
937 2351 1049 2414 cornix
1068 2351 1102 2415 in
1118 2349 1278 2434 Capitolio
1299 2362 1316 2410 a

198 2618 214 2666 8
235 2615 326 2668 Victor
337 2614 412 2669 Ocea.
423 2620 466 2680 11,
478 2619 495 2668 9
509 2630 564 2682 quo
579 2613 650 2667 moti
668 2613 782 2681 milites,
801 2613 903 2682 quibus
920 2615 1049 2684 priuatae
1065 2615 1280 2670 commoditates

122 2693 274 2764 dispendio
302 2694 416 2762 publico
444 2693 551 2763 largius
579 2693 748 2763 procedunt,
782 2698 909 2749 auctores
937 2695 1013 2748 necis
1044 2695 1081 2748 ad
1109 2695 1280 2765 supplicium

122 2777 222 2844 petere
240 2791 317 2828 more
336 2791 385 2828 suo
401 2773 561 2828 seditiosius
577 2777 736 2843 coeperunt.
774 2775 823 2842 qui
841 2775 888 2828 uix
909 2792 1046 2845 aegreque
1065 2793 1115 2844 per
1128 2777 1279 2845 prudentes

122 2853 258 2922 cohibiti,
282 2855 397 2908 tandem
416 2855 445 2908 in
465 2855 587 2925 gratiam
611 2855 780 2924 optimatum
805 2871 958 2909 conuenere
978 2873 1029 2924 eqa.
1063 2857 1097 2922 cf.
1113 2857 1190 2924 Epir.
1207 2860 1280 2922 12,8

124 2935 242 3004 Lampr.
257 2936 336 2989 Alea.
351 2935 413 2988 Sca.
429 2939 503 3001 63,1
530 2936 648 2988 mortem
675 2933 734 2988 eius
759 2934 864 2988 milites
883 2975 891 2990 .
910 2975 917 2990 .
937 2976 944 2990 .
963 2935 1128 3005 grauissime
1154 2936 1280 2990 tulerunt

124 3016 213 3083 atque
233 3018 359 3068 auctores
379 3015 473 3068 caedis
491 3015 676 3068 trucidarunt.
751 3020 783 3068 16
807 3016 900 3070 Victor
915 3017 989 3071 Caes.
1005 3021 1048 3082 11,
1063 3021 1080 3070 8
1099 3018 1279 3072 senatus...

125 3094 284 3149 radendum
296 3136 302 3148 .
313 3137 319 3148 .
331 3137 336 3148 .
347 3112 448 3149 nomen
464 3094 589 3148 decreuit
599 3096 673 3163 (inde
687 3095 765 3164 Epir.
776 3101 819 3160 11,
831 3099 883 3164 13).
948 3103 980 3150 18
991 3114 1030 3164 sq.
1047 3096 1125 3163 Epit.
1137 3101 1180 3161 13,
1191 3102 1227 3150 11)
1238 3097 1280 3166 (de

129 3176 265 3244 Traiano)
285 3192 356 3242 quae
371 3176 466 3229 omnia
485 3192 517 3229 eo
536 3174 644 3230 maiora
657 3174 830 3242 uisebantur,
850 3176 983 3243 quoniam
1002 3176 1174 3245 permultos
1194 3178 1279 3244 atque

125 3257 236 3309 atroces
257 3257 391 3324 tyrannos
417 3254 528 3324 perdito
553 3255 637 3322 atque
662 3257 802 3324 prostrato
829 3258 904 3310 statu
926 3256 1051 3310 Romano
1073 3256 1103 3309 in
1124 3255 1279 3310 remedium

126 3336 271 3389 tantorum
294 3336 431 3389 malorum
456 3335 592 3390 diuinitus
616 3335 781 3390 credebatur
800 3337 936 3404 oportune
956 3335 1051 3403 datus,
1070 3353 1159 3406 usque
1178 3353 1223 3402 ec,
1247 3340 1280 3390 ut

125 3415 281 3470 adueniens
308 3415 458 3484 imperium
484 3415 543 3470 eius
571 3416 705 3484 pleraque
732 3415 852 3470 mirifica
879 3415 1117 3470 denuntiauerint.
1159 3417 1188 3469 in
1217 3417 1279 3485 quis

126 3496 322 3566 praecipuum,
349 3495 488 3550 cornicem
511 3513 526 3550 e
552 3495 667 3566 fastigio
690 3493 822 3564 Capitolii
843 3495 946 3550 Atticis
967 3497 1140 3550 sermonibus
1165 3496 1280 3550 effatam

126 3593 187 3630 esse
202 3579 292 3637 καλῶς
306 3575 389 3631 ἔσται.

201 3833 215 3880 1
234 3827 295 3896 ipse
310 3843 379 3882 corr.
394 3843 427 3880 erc
441 3825 495 3895 ipsi
507 3829 544 3881 M
596 3824 750 3879 deuelleret
765 3825 790 3880 G·
805 3825 952 3895 (werce),
968 3825 1117 3879 diuelleret
1133 3827 1180 3880 rel.
1196 3829 1242 3895 (a)

127 3919 295 4013 natarbtque
306 3943 344 3997 M
356 3945 400 4012 (m.
416 3948 430 3996 1
446 3943 564 4010 ataid),
579 3941 745 4009 uetaretque
758 3941 790 4005 G,
806 3939 1048 4009 Natharamqued
1115 3942 1279 4013 uulgatissi-

127 4043 220 4084 mass
302 4023 476 4092 tuirginem
491 4022 594 4087 12qu
607 4024 736 4090 (capuan.
752 4039 786 4074 m.
800 4024 836 4086 2)-
898 4021 952 4075 sibi
967 4022 996 4074 in
1013 4022 1223 4075 matrimonium
1235 4024 1279 4078 Ga

130 4112 145 4158 3
170 4105 297 4159 deuictus
312 4121 346 4171 ρς
470 4107 568 4156 Seum
591 4119 641 4157 om.
657 4103 690 4156 N
799 4107 813 4154 9
834 4119 897 4154 eum
916 4109 980 4170 post
1003 4102 1156 4169 statimque
1175 4103 1282 4156 adar

130 4193 163 4241 10
183 4187 278 4256 duces]
293 4186 367 4238 uires
385 4187 409 4236 Y
463 4189 495 4236 12
510 4183 700 4250 temperarent
715 4183 776 4246 Ma,
793 4182 875 4234 -rarit
890 4182 1005 4252 Bentley
1089 4187 1121 4234 13
1137 4184 1279 4235 contume-

129 4265 290 4336 liosissimo]
310 4263 471 4333 turpissimo
489 4263 514 4317 G
573 4263 658 4329 atque
673 4261 851 4314 acerbissimo
871 4279 921 4315 om.
932 4265 956 4314 Y
968 4261 1042 4330 (add.
1058 4260 1108 4331 11²)
1164 4262 1279 4316 iniuria-

129 4365 191 4401 rum
213 4363 265 4416 pro
292 4343 560 4409 adclamationumq
635 4348 667 4395 14
686 4340 821 4394 laceraret
846 4343 884 4409 (re
906 4343 937 4394 ia
955 4345 1020 4411 ras.)
1035 4342 1078 4408 M,
1101 4343 1136 4408 cf.
1154 4344 1193 4397 ad
1212 4343 1280 4396 l.12

132 4431 163 4480 15
179 4427 257 4497 affigi
272 4427 318 4494 pT
328 4433 353 4479 ct
371 4427 409 4479 sic
419 4441 472 4494 pro
486 4441 513 4477 u.
525 4423 542 4476 l.
557 4422 645 4476 adscr.
656 4421 704 4486 12³,
723 4438 779 4475 coac
793 4423 914 4475 caenida
929 4423 960 4474 ia
977 4423 1009 4489 G,
1029 4424 1078 4476 abi
1092 4429 1181 4476 tamea
1201 4421 1279 4492 affigi

130 4507 173 4562 acl
192 4506 270 4576 afligi
280 4507 375 4576 potius
392 4505 479 4571 faerit

183 4605 450 4646 Svnronrvsed.1hm.
477 4605 495 4644 Ι.
1031 4595 1064 4644 ‘23
