3142 5112
519 357 638 450 DIVVS¹
649 355 839 412 AVGVSTVS
859 368 924 418 [car.
941 369 1014 418 r-ro]
1293 355 1337 420 53

180 520 256 584 nias
279 519 482 604 paucissimis
506 521 680 586 comitibus
708 520 881 606 naufragio
905 519 1002 584 etiam
1025 519 1111 584 facto
1136 518 1337 601 subsecutus,

180 647 302 712 magno
331 649 427 711 opere
456 626 626 712 demeruit,
654 625 835 712 approbata
863 625 928 691 cito
956 627 1053 691 etiam
1077 647 1204 690 morum
1229 624 1336 689 indole

181 754 281 816 super
304 733 429 798 itineris
452 733 653 798 industriam

274 838 410 904 Caesare
438 844 514 925 post
537 845 681 925 receptas
706 839 881 924 Hispanias
904 838 1140 923 expeditionem
1169 837 1203 902 in
1230 837 1370 902 Dacoss

150 951 219 1013 set
241 947 314 1011 inde
337 948 372 1011 in
395 945 535 1012 Parthos
563 947 745 1012 destinante
769 947 966 1031 praemissus
988 944 1196 1030 Apolloniam
1220 944 1335 1009 studiis

178 1053 320 1116 uacauit.
366 1057 470 1137 utque
502 1056 641 1139 primum
677 1053 816 1118 occisum
849 1075 922 1117 enm
950 1053 1161 1135 heredemque
1189 1073 1222 1116 se
1250 1072 1335 1116 com-

178 1160 277 1244 perit,
300 1161 355 1223 diu
378 1164 548 1226 cunctatus
572 1183 613 1225 an
636 1161 801 1245 proximas
823 1159 967 1246 legiones
991 1159 1188 1242 imploraret,
1210 1157 1243 1222 id
1266 1159 1334 1242 qui-

178 1266 256 1330 dem
270 1266 438 1331 consilium
453 1272 491 1332 ut
509 1289 661 1352 praeceps
680 1267 942 1350 inmaturumque
961 1265 1079 1332 omisit.
1099 1269 1238 1329 ceterum
1253 1265 1334 1328 urbe

177 1375 320 1456 repetita
342 1374 554 1438 hereditatem
579 1375 666 1458 adiit,
691 1373 861 1439 dubitante
882 1377 994 1457 matre,
1017 1373 1135 1438 uitrico
1154 1394 1231 1438 uero
1250 1371 1332 1436 Mar-

132 1481 231 1546 rocio
265 1477 417 1564 Philippo
456 1481 618 1546 consulari
656 1481 795 1546 multum
832 1480 1044 1545 dissuadente.
1090 1483 1188 1562 atque
1221 1478 1261 1542 ab
1294 1491 1368 1544 eoa

175 1592 327 1670 tempore
351 1585 545 1652 exercitibus
569 1587 763 1671 comparatis
792 1587 932 1671 primum
959 1607 1032 1650 cum
1055 1585 1098 1650 M.
1122 1585 1266 1654 Antonio
1289 1585 1332 1649 M.

177 1715 245 1776 que
268 1692 404 1777 Lepido,
433 1692 546 1758 deinde
574 1697 701 1757 tantum
725 1715 798 1757 oum
821 1691 964 1757 Antonio
993 1715 1051 1776 per
1074 1693 1242 1757 duodecim
1265 1691 1332 1758 fere

85 1871 87 1874 ,
175 1821 295 1882 annos,
321 1797 498 1863 nouissime
526 1821 585 1883 per
612 1804 766 1882 quattuor
794 1803 826 1862 et
856 1797 1068 1884 quadraginta
1096 1799 1184 1864 solus
1210 1821 1331 1883 remp.

174 1907 295 1970 tenuit.

132 2040 158 2079 15
270 2011 441 2095 Proposita
471 2012 558 2076 uitae
587 2012 655 2076 cius
684 2012 774 2075 uelut
806 2033 930 2076 summa
963 2014 1074 2094 parte<
1076 2013 1112 2092 s>
1140 2008 1367 2098 singillatimtl

173 2139 285 2201 neque
308 2139 366 2202 per
388 2123 535 2202 tempora
559 2117 614 2182 sed
642 2139 701 2202 per
723 2120 846 2203 species
876 2140 1028 2200 exequar,
1057 2139 1122 2200 quo
1147 2118 1330 2183 distinctius

174 2225 394 2288 demonstrari
418 2225 636 2311 cognoscique
658 2225 795 2308 possint.

268 2331 359 2395 Bella
396 2331 505 2395 ciuilia
539 2331 683 2414 quinque
720 2333 834 2417 gessit:
876 2329 1072 2414 Mutinense,
1112 2329 1329 2415 Philippense,

172 2437 381 2522 Perusinum,
411 2435 570 2522 Siculum,
599 2436 782 2523 Actiacum,
810 2460 827 2502 e
852 2438 971 2520 quibus
994 2439 1135 2522 primum
1163 2459 1200 2502 ac
1222 2437 1330 2502 nouis-

131 2546 296 2612 ausimum
321 2545 474 2608 aduersus
493 2543 535 2609 Μ.
555 2543 744 2629 Antonium,
767 2545 941 2609 secundum
964 2545 1116 2608 aduersus
1135 2544 1274 2608 Brutum
1297 2550 1329 2610 et

175 2650 338 2735 Cassium,
369 2653 502 2716 tertium
535 2651 688 2715 aduersus
715 2650 751 2715 L.
774 2650 953 2716 Antonium
990 2651 1154 2715 triumuiri
1186 2651 1328 2736 fratrem,

175 2761 331 2840 quartum
360 2757 512 2822 aduersus
540 2756 674 2822 Sextum
698 2757 888 2842 Pompeium
917 2757 972 2823 Cn.
991 2756 1137 2844 folium).
1184 2760 1327 2822 omnium
1339 2751 1382 2818 10

173 2863 337 2928 bellorum
361 2865 491 2928 initium
515 2870 547 2928 et
566 2885 694 2929 causam
713 2864 789 2929 hinc
808 2866 960 2948 sumpsit:
982 2864 1066 2928 nihil
1084 2865 1327 2929 conuenientius

172 2970 295 3034 ducens
325 2992 422 3053 quam
449 2991 559 3036 necem
593 2971 746 3036 auunculi
773 2971 936 3035 uindicare
964 2971 1113 3054 tuerique
1141 2975 1225 3054 acta,
1254 2993 1326 3036 con·
1385 3036 1388 3042 ,

130 3105 156 3144 ss
172 3077 285 3140 festim
309 3081 346 3140 ut
369 3076 544 3162 Apollonia
567 3077 671 3160 rediit,
694 3077 831 3142 Brutum
854 3078 1064 3161 Cassiumque
1088 3083 1120 3142 et
1142 3079 1176 3142 ui
1198 3079 1326 3161 necopi-

250 3275 283 3321 10
303 3271 420 3338 Eutrop.
441 3271 505 3324 VII
519 3275 583 3336 &2
617 3287 650 3324 ex
678 3286 711 3323 eo
740 3286 799 3323 rem
827 3269 970 3339 publicam
998 3287 1049 3339 per
1076 3271 1265 3340 quadraginta
1298 3274 1326 3324 et

173 3351 313 3420 quattuor
335 3365 422 3404 annos
447 3349 522 3403 solus
546 3349 677 3404 obtinuit.
716 3354 781 3404 ante
806 3351 880 3403 enim
905 3351 1053 3404 duodecim
1077 3351 1158 3404 annis
1182 3368 1244 3404 cum
1268 3353 1325 3404 An-

171 3431 254 3483 tonio
275 3432 303 3482 et
321 3430 428 3499 Lepido
446 3433 576 3484 tenuerat
596 3432 638 3499 (cf.
655 3431 716 3484 VII
732 3435 759 3496 8,
770 3434 805 3499 3).
835 3433 895 3484 VII
907 3435 934 3498 8,
949 3435 965 3484 4
985 3431 1175 3500 quadraginta
1197 3435 1225 3485 et
1237 3434 1324 3498 ¹quat-

171 3514 240 3563 tuor
259 3511 349 3576 annis,
368 3511 470 3578 quibus
490 3511 565 3564 solus
584 3511 672 3579 gessit
691 3511 847 3579 imperium.
886 3512 962 3579 Epir.
979 3516 1004 3576 1,
1019 3516 1056 3564 30
1073 3512 1225 3579 imperauit
1244 3512 1324 3564 annis

172 3590 385 3660 quinquaginta
404 3593 432 3644 et
447 3606 503 3658 sex,
522 3591 669 3644 duodecim
686 3608 748 3644 cum
763 3591 895 3656 Antonio,
915 3591 1104 3662 quadraginta
1118 3608 1184 3644 uero
1200 3595 1229 3644 et
1242 3595 1325 3658 quat-

171 3675 240 3724 tuor
263 3669 338 3722 solus
364 3673 408 3738 (os.
434 3672 501 3725 Vict.
522 3673 596 3726 Caes.
617 3677 642 3738 1,
655 3675 692 3740 2).
735 3673 839 3725 Aeson.
855 3676 958 3738 258‚2
982 3673 1125 3740 Augustus
1147 3675 1213 3740 post
1235 3672 1324 3725 lustra

172 3751 272 3804 decem
292 3766 339 3804 sex
363 3753 611 3820 prorogatannos.
695 3757 727 3803 15
747 3753 781 3817 os.
801 3753 839 3805 ad
853 3770 911 3820 cop.
929 3757 962 3805 61
1047 3757 1079 3804 18
1101 3751 1175 3805 Oros.
1197 3754 1241 3806 VI
1251 3757 1325 3818 18,2

170 3831 251 3884 bella
266 3830 364 3884 ciuilia
379 3832 502 3898 quinque
513 3832 614 3900 gessit:
629 3831 796 3895 Mutinense,
806 3831 995 3900 Philippense,
1007 3831 1180 3900 Perusinum,
1191 3832 1323 3897 Siculum,

171 3910 330 3964 Actiacum.
360 3927 375 3963 e
390 3910 491 3980 quibus
507 3911 571 3979 duo,
585 3911 638 3965 hoc
653 3914 696 3964 cst
705 3912 827 3980 primurn
837 3928 869 3964 ac
879 3912 1071 3977 nouissimum,
1082 3913 1323 3966 aduersusM.An-

170 3991 292 4058 tonium,
308 3991 461 4044 secundum
475 3992 610 4046 aduersus
625 3991 743 4044 Brutum
757 3994 786 4044 et
800 3991 935 4058 Cassium,
947 3993 1062 4045 tertium
1077 3992 1211 4045 aduersus
1227 3993 1255 4045 L.
1268 3994 1323 4044 An-

170 4071 296 4136 tonium,
321 4073 452 4138 quartum
471 4071 606 4124 aduersus
626 4071 686 4126 Sex.
706 4072 870 4140 Pompeium
890 4071 937 4125 Cn.
952 4072 1068 4140 Pompei
1087 4071 1175 4124 filium
1193 4072 1322 4127 confecit.

246 4245 262 4291 3
281 4239 421 4294 industria
436 4245 464 4294 X
467 4239 474 4256 '
530 4246 545 4292 5
561 4241 591 4292 in
605 4259 655 4295 om.
668 4243 710 4308 M,
729 4242 792 4306 fort.
808 4248 875 4295 recte
890 4242 934 4307 (cf.
946 4260 976 4310 p.
987 4247 1031 4308 19,
1040 4244 1069 4310 2)
1125 4247 1140 4294 6
1156 4242 1237 4308 utqui
1253 4244 1290 4296 M

172 4337 238 4372 eum
257 4335 308 4372 om.
330 4319 356 4373 G
442 4337 471 4374 se
490 4338 540 4374 ons.
562 4321 635 4375 ΘΠ1
722 4327 753 4375 12
775 4321 876 4376 deinde
897 4325 944 4387 M,
968 4321 1033 4374 dein
1052 4323 1112 4388 ret,
1135 4324 1235 4376 rectius
1253 4329 1322 4390 pato

173 4406 206 4453 15
227 4401 308 4468 parte
323 4401 358 4465 a,
379 4417 446 4455 corr.
466 4402 506 4454 ed.
522 4403 600 4456 Rom.
616 4403 654 4454 ΙΙ
665 4400 721 4468 (ςὲ)
796 4407 827 4454 17
847 4402 938 4470 possit
952 4406 978 4454 X
1050 4409 1081 4455 21
1103 4402 1244 4455 triumuiri
1262 4404 1321 4467 ΤΥ,

170 4480 259 4533 trium
273 4479 367 4532 uirum
380 4482 427 4534 rel.
501 4487 534 4534 22
550 4480 638 4536 filium
650 4482 757 4536 GYPT
827 4486 859 4534 25
870 4485 899 4534 et
908 4482 967 4540 uim
979 4483 1059 4547 GTS,
1074 4499 1124 4550 per
1137 4483 1196 4535 uim
1207 4483 1322 4552 Bentley
