3166 5106
280 357 343 422 186
631 359 658 413 o
680 359 836 413 svnronr
855 359 1077 424 sannorum

277 522 467 605 parentibus
495 523 578 585 inter
605 522 725 587 liberos
747 523 853 606 palam
877 521 968 586 heres
991 527 1242 606 nuncuparetur,
1271 523 1428 588 derisores

277 629 428 706 uocabat,
460 629 546 712 quod
576 634 650 712 post
676 630 949 713 nuncupationem
978 631 1088 692 uiuere
1111 635 1365 713 perseuerarent,
1397 635 1429 693 et

241 735 390 798 emultis
418 740 593 800 uenenatas
621 740 757 800 matteas
786 737 883 800 misit.
926 736 1139 823 cognoscebat
1164 740 1271 800 autem
1295 737 1333 799 de
1356 735 1427 799 tali-

275 841 336 905 bus
361 843 479 924 causis,
509 846 620 906 taxato
648 843 738 926 prius
769 843 864 906 modo
896 864 1039 907 summae
1067 843 1108 906 ad
1135 864 1229 926 quem
1259 843 1427 907 conficien-

276 949 351 1012 dum
381 949 574 1031 consideret,
603 948 749 1013 confecto
778 950 906 1013 demum
935 949 1142 1013 excitabatur.
1185 971 1221 1012 ae
1248 971 1289 1012 ne
1316 949 1426 1032 paulu·
1456 975 1467 1012 a

274 1058 340 1120 lum
367 1056 497 1140 quidem
525 1078 633 1119 morae
656 1057 781 1139 patiens
810 1077 907 1139 super
930 1056 1142 1141 quadraginta
1169 1076 1241 1119 reos
1266 1055 1427 1137 quondam

274 1186 314 1226 ex
334 1163 469 1227 diuersis
490 1163 678 1227 criminibus
697 1185 760 1226 una
784 1163 941 1227 sententia
960 1163 1186 1228 condemnauit
1205 1161 1427 1246 gloriatusque

275 1273 324 1333 est
348 1270 571 1353 expergefacta
595 1292 612 1333 e
636 1291 748 1333 somno
771 1267 928 1333 Caesonia
951 1273 1135 1352 quantum
1158 1270 1317 1354 egisset,
1341 1268 1425 1331 dum

256 1367 572 1440 'eameridiaret
615 1424 617 1429 .

241 1496 258 1541 4
367 1481 526 1546 Auctione
549 1482 715 1565 proposita
738 1482 891 1564 reliquias
911 1483 1053 1547 omnium
1073 1482 1329 1566 spectaculorum
1353 1483 1425 1546 sub·
1442 1507 1465 1545 11

275 1590 351 1652 iecit
375 1610 412 1652 ac
435 1589 629 1672 uenditauit,
656 1591 826 1671 exquirens
855 1612 912 1672 per
941 1611 973 1652 se
1001 1591 1106 1672 pretia
1134 1593 1166 1652 et
1189 1611 1290 1671 usque
1313 1610 1350 1652 eo
1375 1611 1426 1652 ex-

274 1696 416 1778 tendens,
443 1699 480 1758 ut
504 1695 634 1779 quidam
658 1697 814 1759 immenso
838 1697 942 1760 coacti
965 1696 1122 1778 quaedam
1146 1717 1249 1760 emere
1274 1718 1310 1760 ac
1333 1695 1426 1758 bonis

275 1804 365 1865 exuti
388 1823 487 1866 uenas
517 1803 578 1866 sibi
602 1802 787 1866 inciderent.
828 1806 978 1866 notares
1008 1806 1068 1886 est,
1092 1801 1223 1886 Aponio
1252 1800 1425 1866 Saturnino

274 1910 358 1973 inter
390 1909 544 1973 subsellia
576 1910 782 1991 dormitante,
815 1910 974 1973 monitum
1008 1933 1027 1973 a
1056 1909 1135 1974 Gaio
1166 1930 1356 1993 praeconem
1385 1931 1425 1972 ne

273 2016 471 2098 praetorium
501 2017 607 2079 uirum
639 2015 750 2079 crebro
781 2015 895 2099 capitis
926 2019 1016 2078 motu
1048 2020 1217 2080 nutantem
1248 2016 1310 2080 sibi
1338 2037 1424 2098 prae·
1440 2039 1463 2079 rs

274 2123 393 2205 teriret,
421 2144 479 2186 nec
497 2123 624 2208 ,licendi
647 2123 743 2185 finem
767 2123 898 2204 factum,
926 2124 1032 2204 quoad
1055 2123 1207 2187 tredecim
1231 2123 1423 2208 gladiatores

219 2223 459 2293 casariculum
478 2231 632 2313 nonagies
653 2229 815 2314 ignoranti
834 2229 1065 2294 addicerentur.
1107 2231 1141 2293 in
1161 2227 1265 2293 Gallia
1288 2251 1424 2312 quoque,

274 2358 347 2400 cum
372 2337 593 2399 damnatarum
618 2357 762 2398 sororum
789 2341 976 2400 ornamenta
999 2340 1031 2399 et
1055 2336 1287 2420 supellectilem
1308 2339 1339 2399 et
1363 2359 1424 2399 ser-

273 2464 332 2505 uos
361 2447 456 2524 atque
485 2443 582 2506 etiam
610 2442 743 2506 libertos
771 2443 935 2506 immensis
964 2443 1076 2526 pretiis
1105 2442 1315 2524 uendidisset,
1343 2443 1423 2505 inui-

272 2552 361 2612 tatus
384 2550 487 2632 lucr0,
516 2549 672 2632 quidquid
696 2549 902 2613 instrumenti
925 2551 1042 2614 ueteris
1071 2551 1162 2613 aulae
1191 2553 1258 2614 erat
1282 2550 1321 2612 ab
1346 2551 1423 2612 urbe
1438 2574 1461 2612 1ο

273 2656 411 2737 repetiit,
436 2657 633 2738 comprensis
661 2655 700 2717 ad
730 2657 962 2738 deportandum
985 2657 1160 2721 meritoriis
1184 2678 1313 2740 quoque
1336 2655 1423 2720 uehi-

274 2763 356 2826 culis
389 2769 421 2825 et
453 2762 702 2845 pistrinensibus
735 2763 900 2846 iumentis,
933 2763 1010 2827 adeo
1044 2767 1081 2827 ut
1113 2768 1146 2827 et
1177 2764 1270 2847 panis
1302 2762 1424 2826 Romae

274 2891 368 2951 saepe
399 2870 547 2933 deficeret
577 2873 609 2932 et
638 2869 840 2953 litigatorum
873 2869 1029 2955 plerique,
1059 2871 1146 2955 quod
1176 2891 1341 2934 occurrere
1372 2870 1424 2932 ab·

236 2981 379 3039 2sentes
408 2976 447 3038 ad
475 2976 695 3039 uadimonium
722 2999 789 3040 non
812 2981 957 3059 possent,
986 2999 1081 3041 causa
1104 2977 1259 3040 caderent.
1302 2978 1355 3039 cui
1378 2977 1423 3039 in·

273 3087 454 3147 strumento
479 3082 685 3146 distrahendo
708 3083 791 3146 nihil
814 3105 879 3147 non
898 3084 1020 3147 fraudis
1039 3106 1076 3148 ac
1094 3084 1247 3148 lenocinii
1266 3082 1423 3165 adhibuit,
1437 3105 1459 3144 rs

272 3191 367 3254 modo
392 3190 547 3253 auaritiae
576 3189 720 3275 singulos
749 3191 917 3273 increpans
946 3193 977 3254 et
1005 3190 1091 3273 quod
1117 3211 1183 3253 non
1211 3189 1346 3273 puderet
1370 3211 1422 3254 eos

271 3297 498 3380 locupletiores
522 3319 591 3360 esse
615 3320 711 3379 quam
732 3319 774 3378 se,
798 3297 892 3360 modo
912 3297 1142 3380 paenitentiam
1162 3297 1317 3360 simulans
1336 3297 1423 3378 quod

272 3403 499 3486 principalium
543 3425 650 3466 rerum
694 3404 831 3486 priuatis
869 3404 992 3485 copiam
1039 3404 1164 3467 faceret.
1223 3409 1422 3487 compererat

271 3510 505 3593 prouincialem
532 3510 724 3592 locupletem
754 3510 889 3572 ducenta
917 3511 1064 3573 sestertia
1085 3532 1269 3575 numerasse
1293 3513 1420 3576 uocato-

270 3618 373 3698 ribus,
406 3620 443 3679 ut
466 3637 524 3698 per
553 3616 714 3680 fallaciam
744 3617 892 3702 conuiuio
922 3617 1192 3700 interponeretur,
1223 3638 1281 3680 nec
1304 3618 1421 3680 tulerat
1436 3638 1458 3676 1ο

345 3846 541 3898 lheredesT
613 3843 997 3915 5<er>00nfe0t0n1auvq
1072 3848 1218 3898 luanaT
1289 3850 1420 3912 Sexper-

269 3926 383 3994 gesacta
403 3928 427 3996 e]
450 3924 646 3995 expergefacta
661 3927 781 3992 (experr-
794 3925 824 3992 Q,
844 3925 931 3978 -sacto
946 3928 1013 3994 ΠΤ)
1025 3925 1182 3994 MHQP²T
1200 3925 1273 3994 (inde
1292 3924 1420 3977 cesoniae

272 4006 412 4075 Hom),
433 4005 630 4074 expergefacta
646 4005 733 4058 LP¹S
805 4011 836 4056 11
857 4005 1005 4058 intendens
1020 4007 1053 4058 N
1065 4007 1203 4075 (Madoip)
1277 4011 1310 4056 16
1329 4021 1365 4058 ne
1379 4005 1420 4056 di-

270 4087 352 4138 cendi
370 4087 486 4151 P¹u²R‚
505 4102 556 4138 nac
576 4084 688 4138 dicendi
705 4084 845 4153 H¹X(P²)‚
911 4085 1023 4152 quorad
1039 4087 1081 4150 M,
1102 4086 1178 4154 quod
1197 4085 1232 4138 ad
1247 4086 1284 4150 R,
1303 4086 1379 4154 quod
1395 4085 1418 4138 G

272 4173 303 4218 17
321 4167 449 4219 sestertio
465 4167 578 4219 Ernesti
588 4167 632 4232 (cf.
643 4166 680 4218 ad
694 4167 748 4218 Iul.
761 4169 797 4217 50
806 4183 836 4232 p.
847 4169 892 4229 26,
902 4168 948 4233 24)
1023 4171 1055 4217 18
1071 4167 1267 4219 damnatorum
1283 4165 1418 4218 sociorum

272 4248 351 4310 Orat,
371 4247 567 4298 damnatorum
588 4246 735 4315 [sororum]
752 4247 848 4298 Burin.
925 4251 955 4298 19
976 4245 1092 4298 libertos
1112 4263 1128 4304 ς
1148 4246 1332 4313 (Beroaldus),
1351 4245 1418 4298 libe-

269 4327 325 4378 rios
343 4329 388 4387 11,
412 4326 514 4378 liberos
530 4327 575 4378 rel.
592 4325 684 4392 (Oud.)
741 4330 774 4376 23
794 4342 877 4392 saepe
897 4333 946 4378 aar
965 4327 1080 4379 detaut
1099 4326 1261 4379 actitandum
1281 4327 1309 4378 in
1331 4341 1418 4394 paene

266 4413 349 4474 perlat
370 4407 518 4458 G.Berl·rr-
597 4404 935 4458 arrrademoniumn11,
999 4410 1031 4456 26
1056 4405 1157 4472 ecquid
1176 4405 1296 4473 puderet
1314 4409 1358 4461 uel
1377 4423 1416 4459 ee·

269 4486 405 4552 quidnam
420 4487 536 4554 Bentley
