3108 5102
287 338 352 402 302
638 338 666 393 c.
686 337 843 392 svaroru
861 339 1084 405 seruorum

250 519 381 567 tausos
412 501 572 586 opinatus.
622 501 720 566 nullis
748 509 856 566 tamen
883 502 1038 568 infensior
1065 525 1161 586 quam
1189 503 1377 568 uernaculis
1414 506 1447 567 et

288 608 530 692 mathematicis,
558 612 595 672 ut
622 608 758 692 quisque
782 609 967 693 deferretur,
994 611 1175 675 inauditum
1198 610 1303 693 capite
1326 610 1448 694 punie-

288 716 343 778 bat
366 716 584 799 exacerbatus,
609 716 695 799 quod
717 720 792 799 post
816 699 956 780 edictum
978 739 1082 800 suum,
1106 739 1171 801 quo
1194 717 1328 782 iubebat
1352 719 1448 781 intra

286 821 357 887 Kal.
381 820 450 887 Oct.
469 820 549 886 urbe
568 820 725 906 Italiaque
749 823 969 888 mathematici
993 824 1189 908 excederent,
1212 825 1323 888 statim
1347 822 1448 886 libel-

285 929 336 992 lus
359 930 546 1013 propositus
570 933 631 1011 est,
656 933 692 993 et
717 927 929 994 Chaldaeos
954 929 1094 1014 dicere,
1118 930 1256 994 bonum
1276 929 1447 1012 factum,
1474 958 1487 996 s

285 1057 330 1100 ne
358 1035 546 1101 Vitellius
580 1035 827 1100 Germanicus
860 1037 964 1100 intra
991 1038 1148 1102 eundem
1178 1036 1446 1101 Kalendarum

250 1143 381 1210 sdiem
413 1164 572 1226 usquam
605 1147 714 1208 esset.
761 1147 929 1226 suspectus
959 1147 991 1207 et
1021 1144 1055 1207 in
1084 1148 1189 1208 morte
1219 1145 1332 1208 matris
1366 1143 1446 1226 fuit,

286 1250 378 1333 quasi
401 1271 515 1335 aegrae
538 1250 681 1333 praeberi
707 1249 815 1314 cibum
838 1249 1067 1334 prohibuisset,
1094 1251 1292 1315 uaticinante
1317 1249 1445 1314 Chatta

285 1357 432 1440 muliere,
460 1357 512 1420 cui
541 1355 631 1421 uelut
660 1357 789 1421 oraculo
814 1357 1050 1441 adquiescebat,
1078 1359 1124 1421 ita
1147 1357 1273 1421 demum
1298 1357 1446 1420 firmiter

285 1485 323 1528 ao
341 1463 522 1526 diutissime
540 1464 781 1547 imperaturum,
801 1463 828 1526 si
848 1468 1008 1546 superstes
1027 1465 1153 1547 parenti
1172 1465 1342 1529 extitisset.
1385 1464 1482 1530 aliia

286 1569 417 1634 tradunt
440 1570 543 1654 ipsam
566 1569 672 1634 taedio
691 1571 907 1654 praesentium
928 1574 960 1633 et
978 1571 1216 1635 imminentium
1234 1574 1324 1635 metu
1344 1592 1445 1634 uene

284 1699 362 1740 num
387 1700 405 1740 a
428 1676 496 1742 filio
520 1677 717 1761 impetrasse,
741 1677 827 1740 haud
850 1698 927 1742 sane
950 1676 1131 1742 difficulter.

235 1785 279 1851 lb
378 1781 500 1848 Octauo
529 1784 656 1867 imperii
683 1805 792 1847 mense
815 1782 1018 1848 desciuerunt
1040 1785 1080 1848 ab
1104 1806 1141 1849 eo
1166 1784 1324 1849 exercitus
1351 1784 1443 1848 Moe-

285 1890 405 1953 siarum
436 1894 533 1974 atque
563 1889 760 1972 Pannoniae,
794 1890 871 1953 item
902 1912 941 1954 ex
971 1892 1193 1954 transmarinis
1222 1889 1377 1954 Iudaicus
1409 1894 1441 1956 et

284 1995 470 2080 Syriaticus,
499 2019 535 2061 ac
557 2019 632 2081 pars
663 1997 698 2061 in
721 1995 863 2060 absentis
887 2021 961 2080 pars
984 1997 1018 2061 in
1040 1998 1219 2082 praesentis
1242 1996 1438 2081 Vespasiani
1452 2019 1473 2060 ιε

284 2105 384 2168 uerba
420 2104 576 2167 iurarunt.
637 2103 676 2166 ad
707 2103 910 2166 retinendum
942 2126 1019 2190 ergo
1053 2110 1232 2168 ceterorum
1265 2104 1440 2168 hominum

285 2212 427 2275 studium
452 2232 489 2275 ac
512 2211 657 2274 fauorem
680 2209 762 2274 nihil
785 2232 852 2274 non
875 2211 1003 2294 publice
1026 2211 1245 2295 priuatimque
1268 2211 1362 2275 nullo
1388 2210 1438 2274 ad-

284 2317 389 2382 hibito
414 2317 509 2381 modo
532 2319 668 2402 largitus
693 2320 749 2380 est.
796 2317 949 2380 dilectum
975 2339 1105 2400 quoque
1129 2340 1166 2381 ea
1189 2319 1381 2383 condicione
1405 2320 1438 2381 in

284 2425 363 2488 urbe
387 2425 462 2510 egit,
486 2428 523 2488 ut
545 2423 739 2487 uoluntariis
758 2446 822 2487 non
840 2424 937 2487 modo
957 2425 1142 2488 missionem
1161 2415 1235 2509 post
1253 2426 1436 2506 uictoriam,

285 2532 340 2596 sed
373 2532 468 2595 etiam
498 2535 724 2595 ueteranorum
751 2531 918 2614 iustaeque
945 2529 1079 2595 militiae
1109 2531 1276 2596 commoda
1303 2532 1472 2615 pollicem
1534 2507 1535 2551 t

248 2642 381 2703 aretur.
426 2638 555 2723 urgenti
579 2637 691 2701 deinde
714 2641 800 2700 terra
821 2638 969 2719 marique
993 2637 1078 2702 hosti
1101 2637 1178 2703 hinc
1200 2639 1336 2702 fratrem
1362 2660 1434 2702 oum
1531 2592 1534 2745 i

284 2746 383 2808 classe
412 2766 448 2807 ac
476 2744 637 2808 tironibus
665 2749 696 2808 et
724 2743 940 2828 gladiatorum
963 2767 1060 2808 manu
1085 2745 1246 2829 opposuit,
1274 2744 1353 2808 hinc
1377 2744 1434 2809 Be·

283 2851 455 2915 triacenses
484 2850 593 2934 copias
622 2854 654 2914 et
682 2851 792 2935 duces3
822 2855 919 2933 atque
946 2851 1067 2935 ubique
1095 2857 1151 2915 aut
1179 2855 1350 2936 superatus
1380 2855 1433 2916 aut

282 2959 430 3043 proditus
460 2958 596 3022 salutem
627 2957 689 3020 sibi
718 2961 750 3020 et
780 2957 885 3020 milies
916 2958 1098 3022 sestertium
1127 2957 1282 3023 aFlauio
1311 2957 1431 3022 Sabino

355 3130 387 3177 13
407 3125 524 3192 Eutrop.
546 3125 608 3178 VII
617 3128 663 3189 18,
678 3129 696 3178 6
718 3124 803 3192 periit
818 3167 823 3176 .
840 3164 846 3176 .
863 3165 867 3174 .
884 3123 995 3192 imperii
1018 3140 1112 3178 mense
1135 3125 1236 3179 octauo
1259 3127 1288 3178 et
1312 3124 1359 3179 die
1377 3138 1431 3177 uno

282 3208 357 3273 (μιᾶς
379 3203 569 3272 προσδεούσης
587 3201 691 3271 ἡμέρας
709 3206 824 3269 Paean,
849 3203 967 3272 septimo
987 3205 1132 3272 Eumene)
1169 3205 1248 3274 Eptt.
1262 3210 1320 3271 8,1
1345 3205 1430 3272 impe-

280 3285 357 3338 rauit
370 3300 480 3338 menses
494 3287 565 3338 octo.
596 3286 686 3338 Victor
702 3283 776 3338 Caes.
792 3287 820 3350 8,
835 3289 852 3337 6
866 3283 1024 3351 tyrannidis
1039 3286 1139 3338 octauo
1153 3301 1256 3338 mense.
1288 3285 1363 3339 Oros.
1377 3282 1434 3338 VII
1525 3311 1526 3314 =

280 3371 339 3434 8,8
359 3369 459 3420 octauo
478 3382 562 3432 quam
585 3382 702 3434 regnum
720 3367 944 3435 praesumpserat
962 3381 1066 3419 mense.
1145 3369 1178 3417 13
1188 3383 1229 3434 sq.
1250 3367 1342 3419 Victor
1358 3366 1428 3420 Caes.
1523 3389 1525 3472 p

280 3450 339 3512 &2
358 3445 491 3513 quoniam
510 3445 598 3515 legati
622 3445 743 3499 Moesiae
766 3445 976 3513 Pannonioique
995 3444 1133 3499 exercitus
1155 3444 1330 3498 hortantium
1349 3459 1428 3498 uene-

279 3527 351 3578 rant.
388 3531 414 3592 8,
430 3530 447 3579 3
466 3525 670 3594 Vespasianum
687 3525 849 3595 perpulere,
871 3525 901 3579 in
920 3542 1005 3594 quem
1023 3525 1080 3578 iam
1098 3523 1228 3593 Syriacae
1247 3524 1377 3579 cohortes
1396 3522 1427 3576 ob

281 3605 395 3675 egregia
418 3606 495 3659 uitae
520 3608 717 3660 consenserant
740 3607 784 3675 (cf.
805 3607 877 3661 Suet.
903 3607 979 3674 Vesp.
995 3607 1030 3674 6).
1113 3611 1147 3658 24
1175 3606 1265 3660 Victor
1285 3605 1359 3660 Caes.
1374 3605 1427 3670 a,5

280 3685 413 3740 Vitellius
433 3686 468 3739 ab
484 3685 587 3739 Sabino
606 3685 669 3738 urbi
687 3685 839 3755 praefecto,
858 3685 1025 3755 Vespasiani
1039 3684 1134 3752 fratre,
1153 3685 1314 3738 sestertium
1328 3684 1426 3738 millies

280 3765 428 3836 pepigerat
450 3764 563 3819 arbitris
582 3764 721 3818 militibus
742 3766 859 3835 imperio
884 3767 1026 3820 decedere.
1062 3766 1137 3821 Oros.
1158 3765 1220 3820 VII
1228 3770 1254 3832 8,
1274 3770 1291 3818 7
1309 3766 1426 3835 primum

280 3847 420 3914 deponere
438 3845 553 3899 molitus
572 3846 728 3913 imperium.

353 3995 367 4041 1
387 3989 518 4057 opinatus
534 3990 612 4057 (opp
629 3989 666 4057 Τ)
680 3992 714 4055 X,
730 3988 888 4043 obstinatus
903 3987 985 4057 (obti-
1000 3989 1037 4059 R)
1054 3992 1091 4044 M
1093 3991 1122 4057 T,
1133 3988 1348 4056 obstinatosque
1364 3990 1388 4044 Gr

281 4067 450 4123 diuinaculis
467 4070 617 4135 Turnebus,
637 4068 822 4137 genethliacis
834 4069 961 4139 Modum,
980 4070 1062 4124 aliter
1076 4070 1128 4124 clii
1176 4070 1206 4122 et
1219 4070 1269 4124 del.
1281 4069 1425 4124 Sabellicus

280 4149 458 4217 tpositusT
510 4148 620 4202 edicere
631 4150 747 4204 Ursinus
797 4148 887 4202 fatum
901 4148 972 4203 rLs
1025 4149 1280 4204 toalendarumM
1324 4156 1344 4203 ‘t
1355 4149 1424 4202 extet

280 4230 397 4298 Bentley
467 4228 566 4281 matris
580 4231 669 4282 morte
687 4229 712 4283 G
798 4234 814 4282 8
834 4229 951 4282 chattha
967 4230 1029 4284 Mc
1044 4229 1361 4298 moturemoture
1377 4230 1424 4296 M),

281 4309 363 4362 catha
380 4307 487 4377 T(H'),
507 4310 570 4361 cata
584 4308 652 4362 ΧΠι
726 4315 758 4363 10
777 4308 827 4362 alii
841 4310 906 4376 XN,
926 4311 954 4363 et
973 4309 1124 4376 altimo,
1144 4309 1194 4364 sed
1212 4308 1262 4362 alii
1279 4309 1314 4376 G,
1333 4312 1363 4363 at
1381 4305 1423 4362 alii

282 4389 377 4441 Burin.
452 4393 486 4441 20
505 4387 634 4456 iustaque
648 4388 764 4458 Lipsius
837 4395 870 4440 22
890 4390 919 4441 et
932 4389 1076 4458 posthinc
1094 4390 1194 4444 add?
1262 4395 1297 4442 24
1317 4385 1422 4454 sibiet]

281 4467 394 4521 sibimet
409 4468 444 4535 G,
463 4467 517 4521 sibi
537 4469 662 4524 Valesius
