3166 5106
533 369 561 424 0.
583 369 763 424 CALIGVLA
783 382 848 431 [111.
864 381 951 431 11-11]
1254 370 1317 434 177

168 532 349 616 capilloque
376 533 550 618 promisso3
578 555 636 598 nec
663 556 817 617 umquam
844 538 957 617 postea
985 535 1252 619 quantiscumque
1279 535 1318 598 do

167 639 277 722 rebus,
299 661 340 702 ne
363 661 422 722 pro
447 640 598 704 contione
621 641 748 723 quidem
774 640 889 726 populi
912 643 967 704 aut
991 640 1077 724 apud
1099 641 1233 725 milites,
1255 643 1318 707 nisi

167 768 226 830 per
242 767 363 810 numen
380 744 542 810 Drusillae
562 746 725 811 deierauit.
762 746 903 830 reliquas
922 769 1047 812 sorores
1065 770 1125 813 nec
1143 748 1318 833 cupiditate
1337 763 1353 812 8

167 857 258 916 tanta
281 873 341 916 nec
363 852 549 938 dignatione
573 854 696 938 dilexit,
718 859 754 918 ut
778 875 857 936 quas
881 875 976 939 saepe
999 855 1133 919 exoletis
1157 856 1223 920 suis
1246 878 1319 940 pro-

140 960 374 1042 estrau<er>it3
399 981 463 1042 quo
486 959 614 1024 facilius
638 982 690 1024 eas
714 961 749 1025 in
772 982 868 1025 causa
890 960 1010 1026 Aemili
1034 961 1148 1046 Lepidi
1171 962 1319 1027 condem-

167 1066 259 1130 nauit
287 1065 379 1149 quasi
407 1066 569 1132 adulteras
598 1071 630 1130 et
658 1067 846 1131 insidiarum
876 1068 1026 1133 aduersus
1054 1091 1088 1133 se
1112 1071 1256 1134 conscias
1281 1072 1318 1134 ei.

167 1195 227 1237 nec
257 1175 361 1237 solum
392 1172 608 1258 chirographa
639 1175 782 1238 omnium
813 1174 969 1257 requisita
999 1175 1109 1238 fraude
1142 1197 1178 1239 ac
1206 1181 1318 1262 stupro

168 1280 363 1365 diuulgauit,
397 1280 452 1344 sed
485 1286 516 1345 et
548 1285 614 1344 tres
641 1281 766 1366 gladios
794 1281 828 1345 in
855 1303 962 1345 necem
993 1303 1082 1347 suam
1110 1288 1318 1367 praeparatos

167 1386 266 1450 Marti
290 1385 398 1450 Vltori
421 1386 530 1451 addito
555 1389 662 1472 elogio
687 1388 894 1452 consecrauit.

126 1520 153 1558 ro
257 1491 464 1557 Matrimonia
491 1494 688 1558 contraxerit
711 1495 837 1578 turpius
861 1517 901 1558 an
926 1494 1082 1560 dimiserit
1105 1519 1146 1560 an
1170 1492 1370 1581 tenuerit,2b
1426 1543 1428 1547 -

168 1623 234 1664 non
262 1604 310 1665 est
341 1599 437 1663 facile
464 1599 650 1665 discernere.
702 1600 828 1665 Liuiam
854 1601 1038 1666 Orestillam
1068 1601 1100 1666 (l.
1125 1602 1235 1668 Pisoni
1262 1627 1317 1668 nu-

168 1706 307 1790 bentem,
335 1728 409 1771 cum
437 1705 477 1769 ad
506 1707 649 1771 officium
673 1712 705 1771 et
728 1708 797 1790 ipse
820 1708 973 1790 uenisset,
1002 1709 1042 1772 ad
1066 1731 1099 1773 se
1123 1710 1237 1776 deduci
1260 1711 1318 1775 im·

167 1813 294 1896 perauit
318 1812 466 1896 intraque
488 1835 609 1896 paucos
632 1813 700 1877 dies
723 1814 923 1898 repudiatam
948 1814 1076 1880 biennio
1100 1821 1176 1900 post
1199 1818 1318 1903 relega-

169 1920 225 2001 uit,
249 1920 336 2002 quod
359 1921 513 2003 repetisse
537 1943 631 1984 usum
655 1921 780 2004 prioris
796 1921 905 1985 mariti
933 1925 1078 2005 tempore
1102 1924 1208 1988 medio
1231 1925 1318 1988 uide·

129 2054 153 2092 rs
168 2026 273 2089 batur.
323 2026 378 2089 alii
408 2027 540 2090 tradunt
575 2026 755 2091 adhibitum
787 2049 881 2092 cenae
911 2029 1050 2111 nuptiali
1080 2030 1248 2095 mendasse
1279 2032 1319 2095 ad

166 2131 319 2196 Pisonem
350 2137 461 2197 contra
491 2133 746 2198 accumbentem:
779 2135 861 2198 noli
896 2157 1050 2200 uxorem
1085 2159 1203 2202 meam
1235 2160 1317 2222 pra-

167 2260 282 2316 mere,
318 2239 491 2322 statimque
522 2261 539 2303 e
570 2240 722 2304 conuiuio
755 2240 927 2305 abduxisse
958 2264 1066 2307 secum
1101 2265 1138 2307 ac
1168 2244 1317 2329 proximo

168 2345 219 2410 die
243 2346 393 2410 edixisse:
424 2347 710 2411 matrimonium
734 2349 810 2411 sibi
832 2353 1025 2434 repertum
1049 2351 1222 2434 exemplo
1246 2351 1318 2416 Ro-

167 2452 260 2517 muli
285 2456 321 2516 et
343 2451 518 2539 Augusti.
566 2453 704 2518 Lolliam
727 2454 905 2538 Paulinam,
930 2454 962 2520 Ο.
981 2455 1135 2521 Memmio
1159 2459 1319 2523 consulari
1338 2473 1354 2518 a

129 2588 154 2625 so
168 2561 328 2623 exercitus
352 2561 478 2645 regenti
500 2564 646 2644 nuptam,
669 2562 756 2627 facta
779 2562 940 2627 mentione
964 2565 1055 2628 auiae
1074 2563 1142 2627 eius
1161 2568 1199 2628 11
1218 2587 1318 2649 quon·

169 2667 242 2729 dem
263 2666 508 2749 pulcherrimae,
533 2667 641 2732 subito
661 2691 701 2732 ex
719 2669 888 2751 prouincia
907 2671 1055 2734 euocauit
1075 2692 1112 2737 ac
1130 2672 1318 2755 perductam

168 2796 186 2834 a
218 2773 336 2835 marito
370 2772 536 2838 coniunxit
574 2773 635 2837 sibi
671 2775 827 2858 breuique
863 2775 995 2840 missam
1031 2777 1108 2842 feeit
1146 2778 1317 2843 interdicto

141 2944 145 2954 ,
168 2880 358 2961 cuiusquam
386 2880 418 2943 in
446 2884 638 2963 perpetuum
667 2882 762 2945 coitu.
810 2880 999 2947 Caesoniam
1031 2905 1135 2967 neque
1163 2885 1244 2949 facie
1272 2887 1354 2948 ine

168 2985 253 3071 signi
276 3008 380 3070 neque
404 2990 507 3051 aetate
531 2985 657 3073 integra
678 2993 877 3072 matremque
900 2991 964 3054 iam
984 3013 1023 3054 ex
1042 2990 1105 3055 alio
1125 2993 1198 3056 uiro
1218 2992 1318 3057 trium

129 3120 153 3158 aa
167 3092 321 3177 filiarum,
350 3094 405 3157 sed
433 3093 578 3158 luxuriae
606 3116 643 3158 ac
670 3094 821 3160 lasciuiae
849 3097 1006 3182 perditae,
1033 3101 1065 3161 et
1093 3097 1258 3163 ardentius
1287 3103 1319 3164 et

167 3199 369 3264 constantius
394 3199 526 3282 amauit,
550 3204 587 3264 ut
610 3223 704 3284 saepe
728 3201 898 3285 chlamyde
922 3203 1073 3286 peltaque
1097 3207 1129 3267 et
1153 3204 1245 3289 galea
1269 3228 1318 3270 or-

159 3291 277 3369 natam
301 3327 338 3371 ac
357 3305 447 3370 iuxta
466 3307 706 3389 adequitantem
725 3307 883 3373 militibus
903 3309 1086 3394 ostenderit,
1111 3311 1221 3375 amicis
1239 3334 1318 3376 uero

241 3478 274 3526 10
283 3489 342 3540 sqq.
360 3474 451 3527 Victor
464 3475 538 3527 Gaea.
550 3477 622 3539 3,10
636 3474 823 3527 matrimoniis
838 3475 960 3528 illudens
975 3476 1125 3531 nobilibus.
1165 3484 1197 3531 11
1207 3495 1267 3547 sqq.
1282 3481 1317 3546 cf.

167 3554 254 3608 Sobel.
270 3555 335 3606 Inn.
351 3553 457 3621 (Valla)
473 3557 568 3618 5,109
592 3553 655 3606 Ρ111
680 3552 848 3622 Calpurnius
921 3556 1063 3625 relegatus
1087 3561 1143 3624 est,
1167 3559 1235 3625 quia
1255 3575 1318 3612 con·

167 3633 346 3688 suetudinem
369 3632 506 3701 pristinas
531 3633 623 3686 uxoris
650 3633 790 3687 abductae
815 3634 870 3687 sibi
890 3635 925 3689 ab
945 3635 1006 3704 ipso
1026 3639 1190 3708 (deliquia),
1216 3639 1318 3693 deinde

167 3713 301 3766 remissae
320 3712 466 3781 repetiisse
486 3711 708 3767 existimabatur.
784 3720 817 3766 27
836 3715 923 3774 Sebol.
939 3719 1003 3770 Inn.
1016 3722 1042 3782 6,
1052 3723 1106 3772 615
1116 3736 1142 3771 n.
1159 3719 1197 3772 nd
1213 3720 1319 3774 01150

240 3860 255 3908 3
276 3853 415 3908 deierauit
426 3854 566 3923 nQP²ST
578 3862 603 3909 et
612 3873 665 3923 pro
680 3873 707 3908 n.
724 3857 740 3910 l.
756 3857 792 3922 R,
812 3857 946 3912 delirauit
959 3858 1047 3927 (dely·
1064 3859 1099 3929 G)
1114 3862 1160 3914 ret.
1234 3867 1251 3914 4
1269 3878 1318 3914 ne·

168 3935 333 4004 dignatione
349 3936 386 3989 M
456 3935 643 4003 prostrauerit
658 3952 673 3994 ς
688 3937 848 4005 (Berconi),
867 3939 1016 4006 prostrarit
1032 3941 1128 3994 Bnrm.
1203 3946 1218 3992 0
1239 3941 1318 3994 adul-

167 4017 228 4068 tera
244 4017 281 4068 M
369 4014 405 4084 ei]
427 4015 456 4068 11
470 4017 503 4081 Χ,
523 4031 573 4068 om.
592 4016 648 4067 TN
663 4017 759 4086 (culp.)
861 4023 875 4070 ‘1
895 4034 925 4071 re
944 4019 1072 4085 quaesita
1091 4019 1151 4089 (del.
1167 4019 1266 4073 fraude
1286 4037 1319 4074 ac

168 4098 275 4164 stupro)
291 4096 407 4165 Bentley
457 4095 555 4162 stupra
571 4096 686 4163 Lipsius
732 4098 919 4164 SparatosG
971 4106 1001 4151 11
1019 4100 1167 4152 decernere
1183 4101 1318 4166 Peneon,

170 4175 288 4230 Gronov.
349 4180 382 4228 13
402 4174 531 4228 bimestri
545 4176 661 4245 Bentley
722 4182 754 4228 17
774 4194 868 4230 secum
886 4181 916 4244 T,
932 4196 995 4231 cum
1011 4182 1072 4245 Me,
1087 4196 1151 4232 eum
1168 4181 1202 4245 G,
1217 4197 1279 4234 eam
1294 4185 1323 4234 X

170 4261 201 4308 10
222 4254 264 4325 Q]
279 4255 309 4309 P.
320 4271 489 4323 praenomen
507 4256 539 4308 in
553 4257 642 4309 titulis
655 4261 693 4310 est
764 4257 895 4312 memmio
912 4258 1027 4313 GP¹ST
1037 4261 1079 4328 (in
1093 4260 1194 4314 Scorr.
1210 4278 1243 4314 en
1261 4278 1318 4314 me-

167 4335 251 4388 minit
270 4342 301 4389 ut
318 4335 397 4404 nid),
418 4335 532 4388 memmi
551 4335 595 4404 <ii
612 4336 718 4405 ΡἯΒ)
737 4338 784 4390 rel.
876 4339 1016 4392 consulari
1037 4339 1201 4409 (iopam,
1220 4357 1319 4395 consu-

168 4414 235 4468 laris
254 4417 301 4469 ret.
376 4421 410 4468 20
429 4415 553 4484 regentis
573 4434 590 4474 ς
608 4423 632 4469 11
651 4417 1119 4489 111111111111111119111111111,
1137 4423 1201 4488 fort.
1221 4425 1320 4477 rectius

169 4500 201 4547 26
220 4495 353 4564 pelleque
369 4495 440 4561 Mc,
459 4495 594 4564 pallaque
610 4497 652 4548 Τὸ

221 4595 358 4635 Surorum
373 4595 407 4634 sd.
422 4595 489 4633 Ihm.
516 4595 529 4634 1
1072 4594 1104 4640 12
