3136 5100
288 343 354 408 226
638 349 666 404 C.
686 349 845 404 SVETONI
861 347 1083 414 TRANQVILLI

287 505 372 572 linos
407 509 610 591 praediorum
649 515 780 577 suorum
818 517 931 578 contra
966 514 1103 576 uetitum
1137 515 1228 576 cocta
1259 510 1434 574 uendentes

288 613 457 678 multasset
474 617 671 701 uilicumque
690 620 957 684 interuenientem
971 618 1173 705 flagellasset.
1211 639 1274 700 qua
1289 617 1326 679 de
1341 637 1436 680 causa

286 720 384 783 etiam
408 723 633 788 coercitionem
657 727 849 810 popinarum
875 725 1031 790 aedilibus
1055 725 1181 788 ademit.

253 842 269 888 3
378 825 427 891 Ac
450 850 489 892 ne
518 830 691 894 stultitiam
715 832 843 914 quidem
873 855 966 896 suam
993 832 1123 896 reticuit
1146 831 1394 915 simulatamque
1418 853 1435 893 a

287 953 323 995 sc
346 954 385 996 ex
408 933 569 1000 industria
592 938 652 1001 sub
678 937 773 1023 Gaio,
803 940 890 1023 quod
913 940 1008 1003 aliter
1031 959 1185 1002 euasurus
1208 942 1433 1020 peruenturus·
1462 963 1473 1001 s

289 1060 350 1122 que
374 1040 414 1104 ad
437 1049 620 1126 susceptam
649 1046 822 1109 stationem
845 1068 911 1110 non
934 1047 1045 1130 fuerit,
1074 1044 1265 1130 quibusdam
1294 1044 1435 1108 oratiun-

252 1205 255 1210 .
289 1145 369 1210 culis
383 1149 522 1214 testatus
538 1155 600 1234 est3
619 1172 678 1215 nec
691 1156 801 1216 tamen
814 1153 985 1237 persuasit,
1004 1175 1077 1216 cum
1091 1153 1177 1214 intra
1197 1149 1294 1214 breue
1309 1155 1435 1235 tempus

289 1252 371 1316 liber
399 1253 503 1318 editus
534 1257 591 1340 sit,
622 1258 673 1321 cui
703 1258 799 1322 index
830 1262 900 1323 erat
930 1272 1052 1342 μωρῶν
1083 1259 1316 1339 ἐπανάστασις,
1345 1279 1436 1342 argu-

288 1363 432 1424 mentum
456 1367 563 1426 autem
587 1363 761 1427 stultitiam
783 1366 945 1429 neminem
969 1367 1097 1450 fingere.

236 1462 283 1530 39
381 1463 469 1530 Inter
493 1473 597 1532 cetera
621 1470 654 1532 in
678 1492 715 1534 eo
739 1451 848 1535 mirati
873 1476 949 1536 sunt
967 1471 1115 1536 homines
1134 1474 1166 1535 et
1184 1471 1382 1535 obliuionem
1407 1475 1474 1534 etro

289 1573 606 1659 inconsiderantiam,
633 1577 687 1640 uel
714 1582 751 1641 ut
781 1577 900 1642 Graece
924 1579 1041 1660 dicam,
1071 1582 1252 1663 μετεωρίαν
1280 1577 1436 1660 611111113-

289 1683 379 1756 ψιάν.
420 1681 525 1746 occisa
539 1681 722 1766 Messalina,
742 1684 838 1768 paulo
857 1689 932 1769 post
952 1707 1047 1770 quam
1067 1686 1101 1748 in
1115 1685 1256 1750 triclinio
1276 1684 1437 1765 decubuit,

289 1809 356 1851 cur
385 1786 538 1851 domina
567 1810 641 1851 non
664 1790 817 1853 ueniret
846 1791 1003 1874 requisiit.
1051 1791 1171 1854 multos
1202 1813 1240 1855 ex
1272 1790 1326 1877 iis,
1357 1813 1437 1875 quos

287 1895 394 1980 capite
418 1894 640 1979 damnauerat,
668 1901 798 1980 postero
824 1898 934 1961 statim
958 1898 1009 1961 die
1033 1902 1064 1961 et
1088 1898 1122 1960 in
1145 1898 1317 1962 consilium
1341 1901 1373 1962 et
1397 1899 1437 1962 ad

289 2003 377 2068 aleae
399 2003 505 2067 lusum
531 2001 697 2066 admoneri
720 2003 816 2066 iussit
840 2008 880 2087 et,
904 2005 997 2088 quasi
1020 2005 1232 2090 morarentur,
1258 2010 1296 2069 ut
1320 2006 1436 2070 somni·
1451 2027 1475 2068 rs

254 2127 269 2172 a
290 2110 417 2176 culosos
431 2131 489 2194 per
502 2109 652 2172 nuntium
667 2109 834 2195 increpuit
868 2111 1021 2174 ducturus
1036 2115 1149 2174 contra
1162 2112 1212 2176 fas
1221 2111 1436 2197 Agrippinam

289 2239 431 2298 uxorem,
445 2239 512 2282 non
533 2217 671 2284 cessauit
685 2219 771 2281 omni
788 2219 934 2282 oratione
947 2217 1072 2281 filiam
1092 2223 1129 2282 et
1143 2218 1333 2283 alumnam
1348 2225 1386 2284 et
1400 2220 1438 2282 in

290 2324 435 2410 gremio
451 2347 518 2388 suo
536 2329 664 2387 natam
683 2328 799 2409 atque
818 2325 1015 2388 educatam
1029 2324 1221 2408 praedicare.
1256 2325 1437 2390 adsciturus

289 2433 324 2496 in
341 2453 458 2494 nomen
476 2430 648 2516 Neronem,
667 2433 758 2515 quasi
778 2455 892 2517 parum
911 2431 1204 2516 reprehenderetur,
1223 2432 1309 2516 quod
1328 2433 1437 2496 adulto

290 2540 355 2601 iam
373 2537 442 2601 filio
462 2537 646 2621 priuignum
667 2541 843 2624 adoptaret,
863 2539 1035 2602 identidem
1055 2537 1238 2622 diuulgauit
1250 2539 1434 2602 neminem
1451 2561 1476 2600 ro

290 2667 463 2728 umquam
484 2651 553 2728 per'
573 2645 818 2728 adoptionem
842 2646 1014 2710 familiae
1034 2643 1216 2708 Claudiae
1240 2645 1436 2709 insertum.

240 2748 289 2813 40
387 2750 550 2815 Sermonis
587 2772 663 2815 uero
701 2774 871 2836 rerumque
910 2757 1033 2816 tantam
1071 2773 1165 2834 saepe
1200 2752 1437 2838 neglegentiam

292 2859 447 2941 ostendit,
471 2863 507 2922 ut
531 2879 589 2921 nec
613 2860 685 2942 quis
708 2882 767 2924 nec
790 2861 874 2924 inter
898 2881 987 2943 quos,
1011 2880 1116 2942 quoue
1139 2862 1284 2942 tempore
1308 2881 1345 2924 ac
1367 2859 1437 2923 loco

291 2966 391 3030 uerba
413 2965 543 3050 faceret,
567 2966 648 3030 scire
667 2972 725 3030 ant
743 2968 886 3052 cogitare
905 2967 1150 3030 existimaretur.
1193 2987 1266 3028 cnm
1286 2965 1325 3029 de
1343 2965 1437 3030 laniis

290 3095 328 3137 ao
355 3073 490 3137 uinariis
519 3078 681 3158 ageretur,
711 3074 902 3138 exclamauit
929 3074 964 3136 in
991 3072 1091 3135 curia:
1119 3093 1212 3156 rogo
1241 3093 1324 3155 uos,
1353 3073 1474 3155 quises

291 3185 422 3265 potest
450 3179 532 3243 sine
567 3180 692 3243 offula
719 3181 873 3243 uiuere?
907 3179 1180 3262 descripsit<que>
1208 3177 1436 3242 abundantiam

291 3293 436 3352 ueterum
459 3285 680 3371 tabernarum,
708 3288 793 3351 unde
816 3287 932 3351 solitus
961 3291 1044 3349 esset
1071 3285 1184 3348 uinum
1208 3284 1286 3348 olim
1315 3285 1437 3369 etipse

256 3406 271 3454 a
291 3398 407 3477 petere.
450 3394 488 3457 de
507 3398 699 3476 quaesturae
714 3395 853 3477 quodam
872 3394 1041 3458 candidato
1055 3393 1140 3455 inter
1158 3413 1270 3456 causas
1286 3392 1437 3476 suffraga-

291 3502 390 3564 tionis
414 3522 490 3563 suae
513 3502 631 3584 posuit,
656 3501 756 3583 quod
779 3505 888 3585 pater
912 3502 993 3564 eius
1016 3499 1196 3583 frigidam
1224 3520 1338 3584 aegro
1364 3499 1437 3562 sibi

291 3608 521 3689 tempestiue
541 3607 718 3671 dedisset.
756 3607 887 3671 inducta
905 3611 986 3670 teste
1006 3608 1039 3670 in
1055 3611 1180 3670 senatu:
1200 3606 1304 3691 haee,
1324 3606 1476 3689 inquitas

365 3717 566 3799 lcoactaXY
628 3748 750 3800 setiam
769 3749 862 3802 ouuG
925 3747 1033 3800 4AtS
1099 3747 1434 3803 rtumennr'ssraav.

293 3839 396 3904 (tamen
417 3839 482 3889 ante
507 3837 643 3902 Ursinus,
663 3840 728 3888 ante
748 3839 773 3888 a
793 3835 844 3902 (Π2
863 3853 931 3890 corr.
951 3853 983 3888 es
1002 3822 1070 3901 aut),
1090 3851 1156 3888 sanc
1170 3837 1305 3891 Bdcheler
1363 3838 1436 3908 cum]

292 3933 379 3985 quam,
395 3919 440 3972 Xd
522 3921 544 3968 8'
557 3933 590 3970 ss.
607 3914 757 3968 stultorum
777 3915 912 3969 exaltatio
932 3915 1081 3983 (exultacio
1100 3915 1134 3983 S)
1152 3917 1183 3968 in
1202 3916 1254 3971 LS
1336 3923 1351 3970 9
1371 3918 1437 3971 stul·

292 3998 384 4050 titiam
400 3996 560 4068 (stultum)
577 3996 693 4050 Ousaub.
772 4002 804 4050 ll
825 3996 1106 4049 inconsiderationem
1121 3997 1179 4050 XN
1243 3997 1390 4053 aeserta
1407 3999 1440 4052 Μ

293 4081 323 4144 (Ν
344 4094 393 4131 om.
409 4078 490 4130 etiam
505 4076 558 4140 La,
579 4078 660 4129 tertia
677 4077 727 4130 litt.
743 4078 764 4131 ὰ
779 4078 810 4130 in
827 4077 927 4144 GXT),
947 4093 980 4130 ss,
996 4076 1155 4144 superbiam
1171 4079 1199 4129 ct
1213 4075 1436 4146 indignationem

293 4160 323 4210 ia
338 4158 364 4210 L
439 4163 470 4208 12
491 4158 588 4226 quam]
608 4173 672 4208 cum
688 4157 804 4212 Oosaub.
879 4163 911 4208 14
931 4156 1092 4209 conuiuium
1105 4174 1166 4210 curn
1184 4155 1284 4210 Ursino
1297 4175 1367 4224 pars
1381 4158 1436 4212 cdd.

295 4244 327 4289 15
342 4237 486 4289 admoueri
497 4237 534 4295 ss
588 4239 777 4290 morenturM
831 4242 862 4289 19
878 4236 1003 4289 familiae
1009 4243 1181 4305 postcomcn
1191 4237 1255 4290 add.
1267 4235 1302 4289 T'
1357 4244 1437 4290 23nc

294 4317 357 4383 quis
374 4316 434 4380 GT,
453 4333 504 4370 nec
524 4321 586 4383 quis
602 4317 717 4385 Bentley
791 4323 823 4369 25
843 4316 966 4386 uinagiis
988 4320 1012 4368 Τ
1082 4321 1115 4370 26
1135 4315 1337 4385 descripsitque
1355 4319 1435 4382 Torr.

294 4396 443 4462 descripsit
457 4397 543 4449 etiam
557 4398 596 4461 N,
611 4413 644 4449 ac
660 4397 902 4465 descripsimus,
917 4399 945 4451 et
960 4398 986 4449 d.
1002 4398 1135 4450 Buchelcr
1188 4401 1222 4449 28
1241 4401 1408 4465 quaesturae
1421 4415 1435 4456 ς

294 4476 477 4544 (Beroaldus),
497 4480 625 4544 questore
641 4481 666 4529 a
682 4485 782 4542 (tuetur
799 4479 879 4532 Ordo
951 4484 984 4530 30
1004 4481 1132 4530 senatum
1147 4479 1175 4530 Π
1180 4478 1187 4506 ¹
