<?xml version="1.0" encoding="UTF-8"?>
<!DOCTYPE html PUBLIC "-//W3C//DTD XHTML 1.0 Transitional//EN"
    "http://www.w3.org/TR/xhtml1/DTD/xhtml1-transitional.dtd">
<html xmlns="http://www.w3.org/1999/xhtml" xml:lang="en" lang="en">
 <head>
  <title>
</title>
<meta http-equiv="Content-Type" content="text/html;charset=utf-8" />
  <meta name='ocr-system' content='tesseract 3.04.00' />
  <meta name='ocr-capabilities' content='ocr_page ocr_carea ocr_par ocr_line ocrx_word'/>
</head>
<body>
  <div class='ocr_page' id='page_1' title='image "./csuetoniitranqu01suetgoog_0233.png"; bbox 0 0 3166 5106; ppageno 0'>
   <div class='ocr_carea' id='block_1_1' title="bbox 563 375 1330 440">
    <p class='ocr_par' dir='ltr' id='par_1_1' title="bbox 563 375 1330 440">
     <span class='ocr_line' id='line_1_1' title="bbox 563 375 1330 440; baseline 0.005 -8"><span class='ocrx_word' id='word_1_1' title='bbox 563 377 590 432; x_wconf 89' lang='lat' dir='ltr'>C.</span> <span class='ocrx_word' id='word_1_2' title='bbox 611 377 791 431; x_wconf 80' lang='lat' dir='ltr'><strong>CALIGVLA</strong></span> <span class='ocrx_word' id='word_1_3' title='bbox 811 389 875 437; x_wconf 78' lang='lat' dir='ltr'>[esa.</span> <span class='ocrx_word' id='word_1_4' title='bbox 892 389 952 438; x_wconf 75' lang='lat'><strong>1—4]</strong></span> <span class='ocrx_word' id='word_1_5' title='bbox 1267 375 1330 440; x_wconf 83' lang='lat'>163</span> 
     </span>
    </p>
   </div>
   <div class='ocr_carea' id='block_1_2' title="bbox 61 539 1450 3719">
    <p class='ocr_par' dir='ltr' id='par_1_2' title="bbox 61 539 1450 3719">
     <span class='ocr_line' id='line_1_2' title="bbox 182 539 1450 626; baseline -0.002 -20"><span class='ocrx_word' id='word_1_6' title='bbox 182 547 297 624; x_wconf 86' lang='lat' dir='ltr'>matur,</span> <span class='ocrx_word' id='word_1_7' title='bbox 320 546 357 606; x_wconf 91' lang='lat' dir='ltr'>ut</span> <span class='ocrx_word' id='word_1_8' title='bbox 380 542 518 605; x_wconf 91' lang='lat' dir='ltr'>tinctum</span> <span class='ocrx_word' id='word_1_9' title='bbox 542 561 666 606; x_wconf 90' lang='lat' dir='ltr'>ueneno</span> <span class='ocrx_word' id='word_1_10' title='bbox 690 540 765 626; x_wconf 90' lang='lat' dir='ltr'>igne</span> <span class='ocrx_word' id='word_1_11' title='bbox 789 540 902 605; x_wconf 84' lang='lat' dir='ltr'>confici</span> <span class='ocrx_word' id='word_1_12' title='bbox 925 545 1071 623; x_wconf 80' lang='lat' dir='ltr'>nequeat.</span> <span class='ocrx_word' id='word_1_13' title='bbox 1114 540 1196 605; x_wconf 90' lang='lat' dir='ltr'>obiit</span> <span class='ocrx_word' id='word_1_14' title='bbox 1215 539 1366 623; x_wconf 75' lang='lat' dir='ltr'>autem,2</span> <span class='ocrx_word' id='word_1_15' title='bbox 1443 557 1450 568; x_wconf 73' lang='lat'><strong><em>¹</em></strong></span> 
     </span>
     <span class='ocr_line' id='line_1_3' title="bbox 182 646 1331 732; baseline -0.002 -20"><span class='ocrx_word' id='word_1_16' title='bbox 182 653 219 712; x_wconf 90' lang='lat' dir='ltr'>ut</span> <span class='ocrx_word' id='word_1_17' title='bbox 243 647 353 732; x_wconf 90' lang='lat' dir='ltr'>opinio</span> <span class='ocrx_word' id='word_1_18' title='bbox 377 647 449 728; x_wconf 77' lang='lat' dir='ltr'>fuit</span> <span class='ocrx_word' id='word_1_19' title='bbox 472 647 585 712; x_wconf 86' lang='lat' dir='ltr'>fraude</span> <span class='ocrx_word' id='word_1_20' title='bbox 603 646 720 729; x_wconf 81' lang='lat' dir='ltr'>Tiberi,</span> <span class='ocrx_word' id='word_1_21' title='bbox 745 647 922 712; x_wconf 86' lang='lat' dir='ltr'>ministerio</span> <span class='ocrx_word' id='word_1_22' title='bbox 947 650 978 712; x_wconf 90' lang='lat' dir='ltr'>et</span> <span class='ocrx_word' id='word_1_23' title='bbox 998 669 1095 731; x_wconf 88' lang='lat' dir='ltr'>opera</span> <span class='ocrx_word' id='word_1_24' title='bbox 1119 646 1174 711; x_wconf 82' lang='lat' dir='ltr'>Gn.</span> <span class='ocrx_word' id='word_1_25' title='bbox 1196 647 1331 727; x_wconf 89' lang='lat' dir='ltr'>Pisonis,</span> 
     </span>
     <span class='ocr_line' id='line_1_4' title="bbox 184 748 1331 838; baseline 0 -20"><span class='ocrx_word' id='word_1_26' title='bbox 184 756 238 837; x_wconf 92' lang='lat' dir='ltr'>qui</span> <span class='ocrx_word' id='word_1_27' title='bbox 270 755 330 819; x_wconf 92' lang='lat' dir='ltr'>sub</span> <span class='ocrx_word' id='word_1_28' title='bbox 363 754 446 819; x_wconf 89' lang='lat' dir='ltr'>idem</span> <span class='ocrx_word' id='word_1_29' title='bbox 479 757 607 838; x_wconf 90' lang='lat' dir='ltr'>tempus</span> <span class='ocrx_word' id='word_1_30' title='bbox 641 748 751 837; x_wconf 81' lang='lat' dir='ltr'>Syriae</span> <span class='ocrx_word' id='word_1_31' title='bbox 783 753 998 838; x_wconf 88' lang='lat' dir='ltr'>praepositus,</span> <span class='ocrx_word' id='word_1_32' title='bbox 1035 775 1095 818; x_wconf 89' lang='lat' dir='ltr'>nec</span> <span class='ocrx_word' id='word_1_33' title='bbox 1126 753 1331 819; x_wconf 84' lang='lat' dir='ltr'>dissimulans</span> 
     </span>
     <span class='ocr_line' id='line_1_5' title="bbox 183 860 1332 944; baseline -0.001 -20"><span class='ocrx_word' id='word_1_34' title='bbox 183 861 406 925; x_wconf 88' lang='lat' dir='ltr'>offendendum</span> <span class='ocrx_word' id='word_1_35' title='bbox 436 860 498 926; x_wconf 92' lang='lat' dir='ltr'>sihi</span> <span class='ocrx_word' id='word_1_36' title='bbox 528 865 584 924; x_wconf 88' lang='lat' dir='ltr'>aut</span> <span class='ocrx_word' id='word_1_37' title='bbox 610 864 734 944; x_wconf 88' lang='lat' dir='ltr'>petrem</span> <span class='ocrx_word' id='word_1_38' title='bbox 758 866 814 924; x_wconf 88' lang='lat' dir='ltr'>aut</span> <span class='ocrx_word' id='word_1_39' title='bbox 835 860 953 940; x_wconf 89' lang='lat' dir='ltr'>filium,</span> <span class='ocrx_word' id='word_1_40' title='bbox 978 860 1069 944; x_wconf 88' lang='lat' dir='ltr'>quasi</span> <span class='ocrx_word' id='word_1_41' title='bbox 1092 860 1186 944; x_wconf 87' lang='lat' dir='ltr'>plane</span> <span class='ocrx_word' id='word_1_42' title='bbox 1210 861 1257 924; x_wconf 89' lang='lat' dir='ltr'>ita</span> <span class='ocrx_word' id='word_1_43' title='bbox 1279 883 1332 924; x_wconf 93' lang='lat' dir='ltr'>ne—</span> 
     </span>
     <span class='ocr_line' id='line_1_6' title="bbox 153 957 1331 1052; baseline -0.002 -20"><span class='ocrx_word' id='word_1_44' title='bbox 153 989 271 1032; x_wconf 80' lang='lat' dir='ltr'>scesse</span> <span class='ocrx_word' id='word_1_45' title='bbox 295 971 387 1048; x_wconf 87' lang='lat' dir='ltr'>esset,</span> <span class='ocrx_word' id='word_1_46' title='bbox 411 967 507 1031; x_wconf 90' lang='lat' dir='ltr'>etiam</span> <span class='ocrx_word' id='word_1_47' title='bbox 532 957 663 1052; x_wconf 77' lang='lat' dir='ltr'>aegrum</span> <span class='ocrx_word' id='word_1_48' title='bbox 689 964 912 1031; x_wconf 82' lang='lat' dir='ltr'>Germanicum</span> <span class='ocrx_word' id='word_1_49' title='bbox 936 966 1135 1051; x_wconf 89' lang='lat' dir='ltr'>grauissimis</span> <span class='ocrx_word' id='word_1_50' title='bbox 1159 968 1331 1032; x_wconf 89' lang='lat' dir='ltr'>uerborum</span> 
     </span>
     <span class='ocr_line' id='line_1_7' title="bbox 183 1072 1332 1160; baseline 0.002 -24"><span class='ocrx_word' id='word_1_51' title='bbox 183 1096 221 1139; x_wconf 87' lang='lat' dir='ltr'>ac</span> <span class='ocrx_word' id='word_1_52' title='bbox 244 1095 348 1138; x_wconf 89' lang='lat' dir='ltr'>rerum</span> <span class='ocrx_word' id='word_1_53' title='bbox 375 1072 603 1139; x_wconf 87' lang='lat' dir='ltr'>acerbitatibus</span> <span class='ocrx_word' id='word_1_54' title='bbox 632 1075 722 1138; x_wconf 90' lang='lat' dir='ltr'>nullo</span> <span class='ocrx_word' id='word_1_55' title='bbox 745 1072 893 1137; x_wconf 89' lang='lat' dir='ltr'>adhibito</span> <span class='ocrx_word' id='word_1_56' title='bbox 921 1073 1017 1138; x_wconf 90' lang='lat' dir='ltr'>modo</span> <span class='ocrx_word' id='word_1_57' title='bbox 1042 1075 1172 1160; x_wconf 69' lang='lat' dir='ltr'>adfecit,</span> <span class='ocrx_word' id='word_1_58' title='bbox 1200 1079 1332 1159; x_wconf 90' lang='lat' dir='ltr'>propter</span> 
     </span>
     <span class='ocr_line' id='line_1_8' title="bbox 184 1179 1331 1264; baseline 0 -20"><span class='ocrx_word' id='word_1_59' title='bbox 184 1201 274 1264; x_wconf 88' lang='lat' dir='ltr'>quae,</span> <span class='ocrx_word' id='word_1_60' title='bbox 298 1184 334 1244; x_wconf 85' lang='lat' dir='ltr'>ut</span> <span class='ocrx_word' id='word_1_61' title='bbox 357 1179 494 1246; x_wconf 85' lang='lat' dir='ltr'>Romam</span> <span class='ocrx_word' id='word_1_62' title='bbox 518 1181 621 1264; x_wconf 87' lang='lat' dir='ltr'>rediit,</span> <span class='ocrx_word' id='word_1_63' title='bbox 645 1201 745 1264; x_wconf 88' lang='lat' dir='ltr'>paena</span> <span class='ocrx_word' id='word_1_64' title='bbox 768 1179 946 1264; x_wconf 87' lang='lat' dir='ltr'>discerptus</span> <span class='ocrx_word' id='word_1_65' title='bbox 971 1201 989 1242; x_wconf 88' lang='lat' dir='ltr'>a</span> <span class='ocrx_word' id='word_1_66' title='bbox 1012 1179 1149 1264; x_wconf 93' lang='lat' dir='ltr'>populo,</span> <span class='ocrx_word' id='word_1_67' title='bbox 1178 1203 1196 1244; x_wconf 89' lang='lat' dir='ltr'>a</span> <span class='ocrx_word' id='word_1_68' title='bbox 1220 1186 1331 1245; x_wconf 90' lang='lat' dir='ltr'>senatu</span> 
     </span>
     <span class='ocr_line' id='line_1_9' title="bbox 183 1284 1366 1371; baseline -0.001 -20"><span class='ocrx_word' id='word_1_69' title='bbox 183 1287 298 1371; x_wconf 89' lang='lat' dir='ltr'>capitis</span> <span class='ocrx_word' id='word_1_70' title='bbox 327 1285 494 1352; x_wconf 88' lang='lat' dir='ltr'>damnatus</span> <span class='ocrx_word' id='word_1_71' title='bbox 525 1291 581 1350; x_wconf 92' lang='lat' dir='ltr'>est.</span> <span class='ocrx_word' id='word_1_72' title='bbox 632 1307 741 1351; x_wconf 90' lang='lat' dir='ltr'>omnes</span> <span class='ocrx_word' id='word_1_73' title='bbox 765 1284 956 1351; x_wconf 82' lang='lat' dir='ltr'>Germanico</span> <span class='ocrx_word' id='word_1_74' title='bbox 989 1287 1134 1370; x_wconf 88' lang='lat' dir='ltr'>corporis</span> <span class='ocrx_word' id='word_1_75' title='bbox 1167 1285 1366 1371; x_wconf 69' lang='lat' dir='ltr'>animiqueb</span> 
     </span>
     <span class='ocr_line' id='line_1_10' title="bbox 183 1373 1331 1478; baseline 0.001 -22"><span class='ocrx_word' id='word_1_76' title='bbox 183 1393 330 1476; x_wconf 87' lang='lat' dir='ltr'>uirtutes,</span> <span class='ocrx_word' id='word_1_77' title='bbox 354 1397 386 1456; x_wconf 89' lang='lat' dir='ltr'>et</span> <span class='ocrx_word' id='word_1_78' title='bbox 409 1397 544 1476; x_wconf 86' lang='lat' dir='ltr'>quantas</span> <span class='ocrx_word' id='word_1_79' title='bbox 567 1373 688 1458; x_wconf 82' lang='lat' dir='ltr'>nemini</span> <span class='ocrx_word' id='word_1_80' title='bbox 712 1393 873 1476; x_wconf 88' lang='lat' dir='ltr'>cuiquam,</span> <span class='ocrx_word' id='word_1_81' title='bbox 897 1393 1072 1478; x_wconf 77' lang='lat' dir='ltr'>contigisse</span> <span class='ocrx_word' id='word_1_82' title='bbox 1091 1393 1169 1458; x_wconf 90' lang='lat' dir='ltr'>satis</span> <span class='ocrx_word' id='word_1_83' title='bbox 1190 1397 1331 1457; x_wconf 86' lang='lat' dir='ltr'>constat:</span> 
     </span>
     <span class='ocr_line' id='line_1_11' title="bbox 138 1499 1331 1585; baseline -0.001 -20"><span class='ocrx_word' id='word_1_84' title='bbox 138 1526 170 1564; x_wconf 92' lang='lat' dir='ltr'>1o</span> <span class='ocrx_word' id='word_1_85' title='bbox 183 1500 318 1565; x_wconf 86' lang='lat' dir='ltr'>formam</span> <span class='ocrx_word' id='word_1_86' title='bbox 348 1504 380 1563; x_wconf 88' lang='lat' dir='ltr'>et</span> <span class='ocrx_word' id='word_1_87' title='bbox 409 1499 631 1564; x_wconf 88' lang='lat' dir='ltr'>fortitudinem</span> <span class='ocrx_word' id='word_1_88' title='bbox 654 1500 831 1585; x_wconf 86' lang='lat' dir='ltr'>egregiam,</span> <span class='ocrx_word' id='word_1_89' title='bbox 860 1500 1025 1584; x_wconf 82' lang='lat' dir='ltr'>ingenium</span> <span class='ocrx_word' id='word_1_90' title='bbox 1049 1500 1083 1563; x_wconf 92' lang='lat' dir='ltr'>in</span> <span class='ocrx_word' id='word_1_91' title='bbox 1107 1502 1244 1584; x_wconf 90' lang='lat' dir='ltr'>utroque</span> <span class='ocrx_word' id='word_1_92' title='bbox 1268 1499 1331 1583; x_wconf 88' lang='lat' dir='ltr'>elq-</span> 
     </span>
     <span class='ocr_line' id='line_1_12' title="bbox 184 1605 1332 1693; baseline 0.001 -23"><span class='ocrx_word' id='word_1_93' title='bbox 184 1607 333 1690; x_wconf 88' lang='lat' dir='ltr'>quentiae</span> <span class='ocrx_word' id='word_1_94' title='bbox 352 1606 577 1688; x_wconf 74' lang='lat' dir='ltr'>doctrinaeque</span> <span class='ocrx_word' id='word_1_95' title='bbox 596 1626 711 1691; x_wconf 83' lang='lat' dir='ltr'>genere</span> <span class='ocrx_word' id='word_1_96' title='bbox 729 1605 933 1689; x_wconf 88' lang='lat' dir='ltr'>praecellens,</span> <span class='ocrx_word' id='word_1_97' title='bbox 952 1606 1203 1671; x_wconf 88' lang='lat' dir='ltr'>beniuolentiam</span> <span class='ocrx_word' id='word_1_98' title='bbox 1225 1607 1332 1693; x_wconf 87' lang='lat' dir='ltr'>singu-</span> 
     </span>
     <span class='ocr_line' id='line_1_13' title="bbox 183 1712 1331 1798; baseline 0.002 -22"><span class='ocrx_word' id='word_1_99' title='bbox 183 1713 283 1777; x_wconf 87' lang='lat' dir='ltr'>larem</span> <span class='ocrx_word' id='word_1_100' title='bbox 307 1712 588 1796; x_wconf 77' lang='lat' dir='ltr'>conciliandaeque</span> <span class='ocrx_word' id='word_1_101' title='bbox 606 1712 774 1777; x_wconf 90' lang='lat' dir='ltr'>hominum</span> <span class='ocrx_word' id='word_1_102' title='bbox 794 1712 916 1798; x_wconf 87' lang='lat' dir='ltr'>gratiae</span> <span class='ocrx_word' id='word_1_103' title='bbox 936 1735 973 1778; x_wconf 90' lang='lat' dir='ltr'>ae</span> <span class='ocrx_word' id='word_1_104' title='bbox 992 1713 1194 1797; x_wconf 86' lang='lat' dir='ltr'>promerendi</span> <span class='ocrx_word' id='word_1_105' title='bbox 1213 1714 1331 1778; x_wconf 90' lang='lat' dir='ltr'>amoris</span> 
     </span>
     <span class='ocr_line' id='line_1_14' title="bbox 183 1819 1332 1905; baseline 0.002 -23"><span class='ocrx_word' id='word_1_106' title='bbox 183 1819 300 1883; x_wconf 92' lang='lat' dir='ltr'>mirum</span> <span class='ocrx_word' id='word_1_107' title='bbox 329 1823 361 1883; x_wconf 89' lang='lat' dir='ltr'>et</span> <span class='ocrx_word' id='word_1_108' title='bbox 388 1819 501 1883; x_wconf 85' lang='lat' dir='ltr'>efficax</span> <span class='ocrx_word' id='word_1_109' title='bbox 530 1819 686 1883; x_wconf 85' lang='lat' dir='ltr'>studium.¹</span> <span class='ocrx_word' id='word_1_110' title='bbox 722 1819 843 1882; x_wconf 84' lang='lat' dir='ltr'>formae</span> <span class='ocrx_word' id='word_1_111' title='bbox 871 1819 978 1883; x_wconf 87' lang='lat' dir='ltr'>minus</span> <span class='ocrx_word' id='word_1_112' title='bbox 1006 1820 1203 1904; x_wconf 80' lang='lat' dir='ltr'>congruebat</span> <span class='ocrx_word' id='word_1_113' title='bbox 1231 1822 1332 1905; x_wconf 88' lang='lat' dir='ltr'>graci-</span> 
     </span>
     <span class='ocr_line' id='line_1_15' title="bbox 183 1925 1331 2010; baseline 0.003 -22"><span class='ocrx_word' id='word_1_114' title='bbox 183 1925 257 1990; x_wconf 89' lang='lat' dir='ltr'>litas</span> <span class='ocrx_word' id='word_1_115' title='bbox 286 1946 427 2010; x_wconf 89' lang='lat' dir='ltr'>crurum,</span> <span class='ocrx_word' id='word_1_116' title='bbox 456 1925 510 1992; x_wconf 91' lang='lat' dir='ltr'>sed</span> <span class='ocrx_word' id='word_1_117' title='bbox 538 1947 576 1990; x_wconf 89' lang='lat' dir='ltr'>ea</span> <span class='ocrx_word' id='word_1_118' title='bbox 602 1947 730 2009; x_wconf 90' lang='lat' dir='ltr'>quoque</span> <span class='ocrx_word' id='word_1_119' title='bbox 757 1925 912 2009; x_wconf 87' lang='lat' dir='ltr'>paulatim</span> <span class='ocrx_word' id='word_1_120' title='bbox 942 1925 1065 2010; x_wconf 90' lang='lat' dir='ltr'>repleta</span> <span class='ocrx_word' id='word_1_121' title='bbox 1096 1926 1225 1991; x_wconf 88' lang='lat' dir='ltr'>assidua</span> <span class='ocrx_word' id='word_1_122' title='bbox 1257 1927 1331 2010; x_wconf 92' lang='lat' dir='ltr'>equi</span> 
     </span>
     <span class='ocr_line' id='line_1_16' title="bbox 61 2025 1330 2116; baseline 0 -19"><span class='ocrx_word' id='word_1_123' title='bbox 61 2025 66 2035; x_wconf 72' lang='grc'>’</span> <span class='ocrx_word' id='word_1_124' title='bbox 139 2057 169 2098; x_wconf 81' lang='lat' dir='ltr'>ra</span> <span class='ocrx_word' id='word_1_125' title='bbox 183 2033 366 2096; x_wconf 87' lang='lat' dir='ltr'>uectatione</span> <span class='ocrx_word' id='word_1_126' title='bbox 395 2035 470 2116; x_wconf 87' lang='lat' dir='ltr'>post</span> <span class='ocrx_word' id='word_1_127' title='bbox 499 2032 616 2096; x_wconf 82' lang='lat' dir='ltr'>aihum.</span> <span class='ocrx_word' id='word_1_128' title='bbox 664 2032 790 2096; x_wconf 84' lang='lat' dir='ltr'>hostem</span> <span class='ocrx_word' id='word_1_129' title='bbox 822 2032 1001 2096; x_wconf 87' lang='lat' dir='ltr'>comminus</span> <span class='ocrx_word' id='word_1_130' title='bbox 1037 2055 1132 2115; x_wconf 88' lang='lat' dir='ltr'>saepe</span> <span class='ocrx_word' id='word_1_131' title='bbox 1163 2033 1330 2116; x_wconf 88' lang='lat' dir='ltr'>percussit.</span> 
     </span>
     <span class='ocr_line' id='line_1_17' title="bbox 184 2138 1366 2223; baseline 0.001 -22"><span class='ocrx_word' id='word_1_132' title='bbox 184 2138 290 2204; x_wconf 90' lang='lat' dir='ltr'>orauit</span> <span class='ocrx_word' id='word_1_133' title='bbox 310 2159 421 2204; x_wconf 90' lang='lat' dir='ltr'>causas</span> <span class='ocrx_word' id='word_1_134' title='bbox 444 2139 541 2203; x_wconf 87' lang='lat' dir='ltr'>etiam</span> <span class='ocrx_word' id='word_1_135' title='bbox 564 2138 782 2223; x_wconf 84' lang='lat' dir='ltr'>triumphalis3</span> <span class='ocrx_word' id='word_1_136' title='bbox 806 2142 903 2221; x_wconf 88' lang='lat' dir='ltr'>atque</span> <span class='ocrx_word' id='word_1_137' title='bbox 926 2138 1010 2204; x_wconf 89' lang='lat' dir='ltr'>inter</span> <span class='ocrx_word' id='word_1_138' title='bbox 1029 2143 1132 2204; x_wconf 87' lang='lat' dir='ltr'>cetera</span> <span class='ocrx_word' id='word_1_139' title='bbox 1151 2139 1331 2204; x_wconf 87' lang='lat' dir='ltr'>studiorum</span> <span class='ocrx_word' id='word_1_140' title='bbox 1350 2155 1366 2202; x_wconf 81' lang='lat'>2</span> 
     </span>
     <span class='ocr_line' id='line_1_18' title="bbox 183 2242 1332 2330; baseline 0.002 -22"><span class='ocrx_word' id='word_1_141' title='bbox 183 2246 382 2309; x_wconf 86' lang='lat' dir='ltr'>monimenta</span> <span class='ocrx_word' id='word_1_142' title='bbox 411 2245 544 2328; x_wconf 87' lang='lat' dir='ltr'>reliquit</span> <span class='ocrx_word' id='word_1_143' title='bbox 579 2250 611 2309; x_wconf 89' lang='lat' dir='ltr'>et</span> <span class='ocrx_word' id='word_1_144' title='bbox 650 2245 829 2311; x_wconf 88' lang='lat' dir='ltr'>comoedias</span> <span class='ocrx_word' id='word_1_145' title='bbox 867 2242 1011 2309; x_wconf 76' lang='lat' dir='ltr'>Graecas.</span> <span class='ocrx_word' id='word_1_146' title='bbox 1067 2245 1155 2310; x_wconf 91' lang='lat' dir='ltr'>domi</span> <span class='ocrx_word' id='word_1_147' title='bbox 1188 2246 1332 2330; x_wconf 84' lang='lat' dir='ltr'>forisque</span> 
     </span>
     <span class='ocr_line' id='line_1_19' title="bbox 183 2350 1428 2436; baseline 0.002 -22"><span class='ocrx_word' id='word_1_148' title='bbox 183 2351 299 2436; x_wconf 88' lang='lat' dir='ltr'>ciuilis,</span> <span class='ocrx_word' id='word_1_149' title='bbox 317 2350 419 2416; x_wconf 89' lang='lat' dir='ltr'>libera</span> <span class='ocrx_word' id='word_1_150' title='bbox 437 2373 474 2416; x_wconf 88' lang='lat' dir='ltr'>ac</span> <span class='ocrx_word' id='word_1_151' title='bbox 491 2352 656 2416; x_wconf 84' lang='lat' dir='ltr'>foederata</span> <span class='ocrx_word' id='word_1_152' title='bbox 675 2351 794 2436; x_wconf 90' lang='lat' dir='ltr'>oppida</span> <span class='ocrx_word' id='word_1_153' title='bbox 811 2353 880 2416; x_wconf 90' lang='lat' dir='ltr'>sine</span> <span class='ocrx_word' id='word_1_154' title='bbox 898 2352 1067 2417; x_wconf 87' lang='lat' dir='ltr'>lictoribus</span> <span class='ocrx_word' id='word_1_155' title='bbox 1087 2353 1202 2417; x_wconf 86' lang='lat' dir='ltr'>adibat.</span> <span class='ocrx_word' id='word_1_156' title='bbox 1228 2352 1332 2418; x_wconf 90' lang='lat' dir='ltr'>sicubi</span> <span class='ocrx_word' id='word_1_157' title='bbox 1425 2351 1428 2358; x_wconf 84' lang='grc'><strong>’</strong></span> 
     </span>
     <span class='ocr_line' id='line_1_20' title="bbox 183 2450 1332 2544; baseline 0.003 -23"><span class='ocrx_word' id='word_1_158' title='bbox 183 2457 342 2522; x_wconf 86' lang='lat' dir='ltr'>clarorum</span> <span class='ocrx_word' id='word_1_159' title='bbox 371 2460 515 2523; x_wconf 88' lang='lat' dir='ltr'>uirorum</span> <span class='ocrx_word' id='word_1_160' title='bbox 535 2450 687 2542; x_wconf 77' lang='lat' dir='ltr'>&#39;sepulcra</span> <span class='ocrx_word' id='word_1_161' title='bbox 709 2463 929 2544; x_wconf 87' lang='lat' dir='ltr'>cognosceret,</span> <span class='ocrx_word' id='word_1_162' title='bbox 953 2459 1083 2524; x_wconf 88' lang='lat' dir='ltr'>inferias</span> <span class='ocrx_word' id='word_1_163' title='bbox 1107 2458 1255 2524; x_wconf 87' lang='lat' dir='ltr'>Manibus</span> <span class='ocrx_word' id='word_1_164' title='bbox 1279 2460 1332 2524; x_wconf 86' lang='lat' dir='ltr'>da·</span> 
     </span>
     <span class='ocr_line' id='line_1_21' title="bbox 139 2564 1331 2650; baseline -0.001 -19"><span class='ocrx_word' id='word_1_165' title='bbox 139 2591 169 2631; x_wconf 77' lang='lat' dir='ltr'>eo</span> <span class='ocrx_word' id='word_1_166' title='bbox 182 2566 247 2628; x_wconf 81' lang='lat' dir='ltr'>bat.</span> <span class='ocrx_word' id='word_1_167' title='bbox 290 2585 455 2629; x_wconf 89' lang='lat' dir='ltr'>caesorum</span> <span class='ocrx_word' id='word_1_168' title='bbox 483 2565 571 2630; x_wconf 86' lang='lat' dir='ltr'>clade</span> <span class='ocrx_word' id='word_1_169' title='bbox 598 2564 740 2629; x_wconf 82' lang='lat' dir='ltr'>Variana</span> <span class='ocrx_word' id='word_1_170' title='bbox 769 2570 893 2629; x_wconf 86' lang='lat' dir='ltr'>ueteres</span> <span class='ocrx_word' id='word_1_171' title='bbox 925 2587 960 2629; x_wconf 88' lang='lat' dir='ltr'>ae</span> <span class='ocrx_word' id='word_1_172' title='bbox 990 2566 1149 2649; x_wconf 87' lang='lat' dir='ltr'>dispersas</span> <span class='ocrx_word' id='word_1_173' title='bbox 1179 2567 1331 2650; x_wconf 85' lang='lat' dir='ltr'>reliquias</span> 
     </span>
     <span class='ocr_line' id='line_1_22' title="bbox 183 2671 1331 2756; baseline 0.003 -22"><span class='ocrx_word' id='word_1_174' title='bbox 183 2692 248 2735; x_wconf 87' lang='lat' dir='ltr'>uuo</span> <span class='ocrx_word' id='word_1_175' title='bbox 281 2672 406 2736; x_wconf 81' lang='lat' dir='ltr'>tumulo</span> <span class='ocrx_word' id='word_1_176' title='bbox 439 2672 644 2755; x_wconf 87' lang='lat' dir='ltr'>humaturus,</span> <span class='ocrx_word' id='word_1_177' title='bbox 676 2671 826 2756; x_wconf 88' lang='lat' dir='ltr'>colligere</span> <span class='ocrx_word' id='word_1_178' title='bbox 859 2693 917 2735; x_wconf 89' lang='lat' dir='ltr'>sua</span> <span class='ocrx_word' id='word_1_179' title='bbox 944 2693 1041 2736; x_wconf 85' lang='lat' dir='ltr'>manu</span> <span class='ocrx_word' id='word_1_180' title='bbox 1070 2676 1102 2736; x_wconf 89' lang='lat' dir='ltr'>et</span> <span class='ocrx_word' id='word_1_181' title='bbox 1131 2678 1331 2756; x_wconf 90' lang='lat' dir='ltr'>comportare</span> 
     </span>
     <span class='ocr_line' id='line_1_23' title="bbox 182 2777 1434 2869; baseline 0.002 -29"><span class='ocrx_word' id='word_1_182' title='bbox 182 2777 307 2861; x_wconf 87' lang='lat' dir='ltr'>primus</span> <span class='ocrx_word' id='word_1_183' title='bbox 334 2777 503 2863; x_wconf 81' lang='lat' dir='ltr'>adgressus</span> <span class='ocrx_word' id='word_1_184' title='bbox 532 2781 589 2843; x_wconf 89' lang='lat' dir='ltr'>est.</span> <span class='ocrx_word' id='word_1_185' title='bbox 636 2777 907 2842; x_wconf 84' lang='lat' dir='ltr'>obtrectatoribus</span> <span class='ocrx_word' id='word_1_186' title='bbox 940 2779 1050 2860; x_wconf 89' lang='lat' dir='ltr'>etiam,</span> <span class='ocrx_word' id='word_1_187' title='bbox 1081 2779 1367 2864; x_wconf 82' lang='lat' dir='ltr'>qualescumquea</span> <span class='ocrx_word' id='word_1_188' title='bbox 1432 2864 1434 2869; x_wconf 68' lang='lat'>,</span> 
     </span>
     <span class='ocr_line' id='line_1_24' title="bbox 183 2885 1332 2979; baseline 0.003 -33"><span class='ocrx_word' id='word_1_189' title='bbox 183 2889 216 2946; x_wconf 91' lang='lat' dir='ltr'>et</span> <span class='ocrx_word' id='word_1_190' title='bbox 246 2885 502 2967; x_wconf 90' lang='lat' dir='ltr'>quantacumque</span> <span class='ocrx_word' id='word_1_191' title='bbox 534 2885 572 2949; x_wconf 92' lang='lat' dir='ltr'>de</span> <span class='ocrx_word' id='word_1_192' title='bbox 604 2906 699 2950; x_wconf 86' lang='lat' dir='ltr'>causa</span> <span class='ocrx_word' id='word_1_193' title='bbox 727 2888 862 2948; x_wconf 87' lang='lat' dir='ltr'>nanetus</span> <span class='ocrx_word' id='word_1_194' title='bbox 891 2888 984 2967; x_wconf 89' lang='lat' dir='ltr'>esset,</span> <span class='ocrx_word' id='word_1_195' title='bbox 1014 2885 1094 2948; x_wconf 87' lang='lat' dir='ltr'>lenis</span> <span class='ocrx_word' id='word_1_196' title='bbox 1123 2887 1202 2950; x_wconf 91' lang='lat' dir='ltr'>adeo</span> <span class='ocrx_word' id='word_1_197' title='bbox 1231 2891 1262 2950; x_wconf 88' lang='lat' dir='ltr'>et</span> <span class='ocrx_word' id='word_1_198' title='bbox 1282 2887 1332 2979; x_wconf 28' lang='lat' dir='ltr'>,in-</span> 
     </span>
     <span class='ocr_line' id='line_1_25' title="bbox 182 2974 1331 3079; baseline 0 -25"><span class='ocrx_word' id='word_1_199' title='bbox 182 2989 312 3074; x_wconf 85' lang='lat' dir='ltr'>noxius,</span> <span class='ocrx_word' id='word_1_200' title='bbox 345 2995 382 3054; x_wconf 90' lang='lat' dir='ltr'>ut</span> <span class='ocrx_word' id='word_1_201' title='bbox 408 2990 518 3055; x_wconf 93' lang='lat' dir='ltr'>Pisoni</span> <span class='ocrx_word' id='word_1_202' title='bbox 552 2992 677 3056; x_wconf 86' lang='lat' dir='ltr'>decreta</span> <span class='ocrx_word' id='word_1_203' title='bbox 710 3013 766 3056; x_wconf 90' lang='lat' dir='ltr'>sua</span> <span class='ocrx_word' id='word_1_204' title='bbox 798 2991 1006 3075; x_wconf 89' lang='lat' dir='ltr'>rescindenti,</span> <span class='ocrx_word' id='word_1_205' title='bbox 1039 2992 1203 3079; x_wconf 84' lang='lat' dir='ltr'>clientelas</span> <span class='ocrx_word' id='word_1_206' title='bbox 1219 2974 1331 3078; x_wconf 12' lang='lat' dir='ltr'>&#39;diluti</span> 
     </span>
     <span class='ocr_line' id='line_1_26' title="bbox 139 3084 1331 3183; baseline 0.001 -20"><span class='ocrx_word' id='word_1_207' title='bbox 139 3123 167 3163; x_wconf 80' lang='lat' dir='ltr'>aa</span> <span class='ocrx_word' id='word_1_208' title='bbox 182 3096 313 3160; x_wconf 86' lang='lat' dir='ltr'>uexanti</span> <span class='ocrx_word' id='word_1_209' title='bbox 346 3118 411 3162; x_wconf 90' lang='lat' dir='ltr'>non</span> <span class='ocrx_word' id='word_1_210' title='bbox 443 3097 532 3181; x_wconf 92' lang='lat' dir='ltr'>prius</span> <span class='ocrx_word' id='word_1_211' title='bbox 565 3119 747 3163; x_wconf 88' lang='lat' dir='ltr'>suscensere</span> <span class='ocrx_word' id='word_1_212' title='bbox 780 3098 813 3162; x_wconf 92' lang='lat' dir='ltr'>in</span> <span class='ocrx_word' id='word_1_213' title='bbox 846 3098 988 3161; x_wconf 90' lang='lat' dir='ltr'>animum</span> <span class='ocrx_word' id='word_1_214' title='bbox 1021 3084 1197 3183; x_wconf 87' lang='lat' dir='ltr'>induxerit,</span> <span class='ocrx_word' id='word_1_215' title='bbox 1235 3121 1331 3182; x_wconf 89' lang='lat' dir='ltr'>quem</span> 
     </span>
     <span class='ocr_line' id='line_1_27' title="bbox 182 3202 1332 3290; baseline 0.004 -25"><span class='ocrx_word' id='word_1_216' title='bbox 182 3202 346 3267; x_wconf 87' lang='lat' dir='ltr'>ueneficiis</span> <span class='ocrx_word' id='word_1_217' title='bbox 374 3227 501 3287; x_wconf 91' lang='lat' dir='ltr'>quoque</span> <span class='ocrx_word' id='word_1_218' title='bbox 530 3209 562 3268; x_wconf 92' lang='lat' dir='ltr'>et</span> <span class='ocrx_word' id='word_1_219' title='bbox 590 3205 816 3270; x_wconf 88' lang='lat' dir='ltr'>deuotionibus</span> <span class='ocrx_word' id='word_1_220' title='bbox 845 3205 1028 3289; x_wconf 85' lang='lat' dir='ltr'>impugnari</span> <span class='ocrx_word' id='word_1_221' title='bbox 1052 3225 1085 3268; x_wconf 90' lang='lat' dir='ltr'>se</span> <span class='ocrx_word' id='word_1_222' title='bbox 1109 3208 1332 3290; x_wconf 69' lang='lat' dir='ltr'>comperisset,</span> 
     </span>
     <span class='ocr_line' id='line_1_28' title="bbox 183 3311 1331 3397; baseline 0.003 -23"><span class='ocrx_word' id='word_1_223' title='bbox 183 3331 220 3374; x_wconf 86' lang='lat' dir='ltr'>ae</span> <span class='ocrx_word' id='word_1_224' title='bbox 247 3331 288 3375; x_wconf 90' lang='lat' dir='ltr'>ne</span> <span class='ocrx_word' id='word_1_225' title='bbox 315 3313 393 3375; x_wconf 87' lang='lat' dir='ltr'>tune</span> <span class='ocrx_word' id='word_1_226' title='bbox 421 3311 548 3394; x_wconf 90' lang='lat' dir='ltr'>quidem</span> <span class='ocrx_word' id='word_1_227' title='bbox 577 3312 662 3376; x_wconf 89' lang='lat' dir='ltr'>ultra</span> <span class='ocrx_word' id='word_1_228' title='bbox 689 3319 891 3397; x_wconf 83' lang='lat' dir='ltr'>progressus,</span> <span class='ocrx_word' id='word_1_229' title='bbox 918 3334 1014 3394; x_wconf 91' lang='lat' dir='ltr'>quam</span> <span class='ocrx_word' id='word_1_230' title='bbox 1043 3315 1080 3375; x_wconf 92' lang='lat' dir='ltr'>ut</span> <span class='ocrx_word' id='word_1_231' title='bbox 1104 3313 1278 3378; x_wconf 89' lang='lat' dir='ltr'>amicitiam</span> <span class='ocrx_word' id='word_1_232' title='bbox 1302 3315 1331 3378; x_wconf 90' lang='lat' dir='ltr'>ei</span> 
     </span>
     <span class='ocr_line' id='line_1_29' title="bbox 181 3418 1331 3503; baseline 0.003 -23"><span class='ocrx_word' id='word_1_233' title='bbox 181 3439 271 3481; x_wconf 92' lang='lat' dir='ltr'>more</span> <span class='ocrx_word' id='word_1_234' title='bbox 294 3418 450 3482; x_wconf 88' lang='lat' dir='ltr'>maiorum</span> <span class='ocrx_word' id='word_1_235' title='bbox 477 3419 676 3483; x_wconf 87' lang='lat' dir='ltr'>renuntiaret</span> <span class='ocrx_word' id='word_1_236' title='bbox 704 3418 932 3500; x_wconf 86' lang='lat' dir='ltr'>mandaretque</span> <span class='ocrx_word' id='word_1_237' title='bbox 955 3418 1140 3484; x_wconf 88' lang='lat' dir='ltr'>domesticis</span> <span class='ocrx_word' id='word_1_238' title='bbox 1164 3419 1331 3503; x_wconf 89' lang='lat' dir='ltr'>ultionem,</span> 
     </span>
     <span class='ocr_line' id='line_1_30' title="bbox 182 3523 1366 3608; baseline 0.002 -22"><span class='ocrx_word' id='word_1_239' title='bbox 182 3523 310 3606; x_wconf 88' lang='lat' dir='ltr'>siquid</span> <span class='ocrx_word' id='word_1_240' title='bbox 335 3523 396 3588; x_wconf 89' lang='lat' dir='ltr'>sibi</span> <span class='ocrx_word' id='word_1_241' title='bbox 420 3524 583 3588; x_wconf 86' lang='lat' dir='ltr'>accideret.</span> <span class='ocrx_word' id='word_1_242' title='bbox 625 3547 759 3608; x_wconf 87' lang='lat' dir='ltr'>quarum</span> <span class='ocrx_word' id='word_1_243' title='bbox 783 3525 941 3590; x_wconf 88' lang='lat' dir='ltr'>uirtutum</span> <span class='ocrx_word' id='word_1_244' title='bbox 967 3526 1107 3590; x_wconf 86' lang='lat' dir='ltr'>fructura</span> <span class='ocrx_word' id='word_1_245' title='bbox 1132 3523 1366 3590; x_wconf 86' lang='lat' dir='ltr'>uberrimum4</span> 
     </span>
     <span class='ocr_line' id='line_1_31' title="bbox 139 3629 1329 3719; baseline 0.001 -23"><span class='ocrx_word' id='word_1_246' title='bbox 139 3655 167 3696; x_wconf 84' lang='lat' dir='ltr'>ao</span> <span class='ocrx_word' id='word_1_247' title='bbox 181 3629 268 3713; x_wconf 89' lang='lat' dir='ltr'>tulit,</span> <span class='ocrx_word' id='word_1_248' title='bbox 291 3631 337 3694; x_wconf 90' lang='lat' dir='ltr'>sic</span> <span class='ocrx_word' id='word_1_249' title='bbox 360 3630 514 3714; x_wconf 88' lang='lat' dir='ltr'>probatus</span> <span class='ocrx_word' id='word_1_250' title='bbox 539 3635 570 3694; x_wconf 87' lang='lat' dir='ltr'>et</span> <span class='ocrx_word' id='word_1_251' title='bbox 594 3631 729 3696; x_wconf 89' lang='lat' dir='ltr'>dilectus</span> <span class='ocrx_word' id='word_1_252' title='bbox 753 3654 772 3695; x_wconf 91' lang='lat' dir='ltr'>a</span> <span class='ocrx_word' id='word_1_253' title='bbox 795 3632 870 3716; x_wconf 90' lang='lat' dir='ltr'>suis,</span> <span class='ocrx_word' id='word_1_254' title='bbox 896 3635 933 3696; x_wconf 91' lang='lat' dir='ltr'>ut</span> <span class='ocrx_word' id='word_1_255' title='bbox 956 3631 1123 3719; x_wconf 84' lang='lat' dir='ltr'>Augustus</span> <span class='ocrx_word' id='word_1_256' title='bbox 1148 3669 1189 3678; x_wconf 90' lang='lat'>—-</span> <span class='ocrx_word' id='word_1_257' title='bbox 1215 3634 1329 3698; x_wconf 87' lang='lat' dir='ltr'>omitto</span> 
     </span>
    </p>
   </div>
   <div class='ocr_carea' id='block_1_3' title="bbox 181 3859 1348 4569">
    <p class='ocr_par' dir='ltr' id='par_1_3' title="bbox 181 3859 1348 4569">
     <span class='ocr_line' id='line_1_32' title="bbox 254 3859 1329 3931; baseline 0 -21"><span class='ocrx_word' id='word_1_258' title='bbox 254 3863 270 3910; x_wconf 76' lang='grc' dir='ltr'>ὅ</span> <span class='ocrx_word' id='word_1_259' title='bbox 291 3860 379 3911; x_wconf 87' lang='lat' dir='ltr'>ettam</span> <span class='ocrx_word' id='word_1_260' title='bbox 393 3876 427 3913; x_wconf 69' lang='lat' dir='ltr'>a*</span> <span class='ocrx_word' id='word_1_261' title='bbox 443 3859 485 3924; x_wconf 84' lang='lat' dir='ltr'>M,</span> <span class='ocrx_word' id='word_1_262' title='bbox 505 3861 594 3913; x_wconf 86' lang='lat' dir='ltr'>ettam</span> <span class='ocrx_word' id='word_1_263' title='bbox 611 3860 649 3914; x_wconf 81' lang='lat' dir='ltr'>G¹</span> <span class='ocrx_word' id='word_1_264' title='bbox 667 3865 761 3927; x_wconf 78' lang='lat' dir='ltr'>teatep</span> <span class='ocrx_word' id='word_1_265' title='bbox 780 3860 876 3929; x_wconf 89' lang='lat' dir='ltr'>(etiam</span> <span class='ocrx_word' id='word_1_266' title='bbox 896 3860 943 3926; x_wconf 68' lang='lat'>6³,</span> <span class='ocrx_word' id='word_1_267' title='bbox 964 3861 973 3912; x_wconf 88' lang='lat' dir='ltr'>i</span> <span class='ocrx_word' id='word_1_268' title='bbox 992 3864 1023 3914; x_wconf 80' lang='lat' dir='ltr'>ia</span> <span class='ocrx_word' id='word_1_269' title='bbox 1038 3863 1112 3931; x_wconf 83' lang='lat' dir='ltr'>roa),</span> <span class='ocrx_word' id='word_1_270' title='bbox 1133 3864 1162 3914; x_wconf 88' lang='lat' dir='ltr'>et</span> <span class='ocrx_word' id='word_1_271' title='bbox 1180 3863 1239 3914; x_wconf 90' lang='lat' dir='ltr'>tam</span> <span class='ocrx_word' id='word_1_272' title='bbox 1258 3865 1284 3915; x_wconf 84' lang='lat' dir='ltr'>et</span> <span class='ocrx_word' id='word_1_273' title='bbox 1296 3875 1329 3916; x_wconf 82' lang='lat' dir='ltr'>ss.</span> 
     </span>
     <span class='ocr_line' id='line_1_33' title="bbox 181 3937 1331 4012; baseline 0.004 -22"><span class='ocrx_word' id='word_1_274' title='bbox 181 3937 198 3990; x_wconf 81' lang='lat' dir='ltr'>l</span> <span class='ocrx_word' id='word_1_275' title='bbox 216 3937 303 3991; x_wconf 91' lang='lat' dir='ltr'>etiam</span> <span class='ocrx_word' id='word_1_276' title='bbox 317 3938 353 4003; x_wconf 86' lang='lat' dir='ltr'>R,</span> <span class='ocrx_word' id='word_1_277' title='bbox 372 3939 432 3991; x_wconf 88' lang='lat' dir='ltr'>tam</span> <span class='ocrx_word' id='word_1_278' title='bbox 447 3943 472 4006; x_wconf 78' lang='lat' dir='ltr'>d,</span> <span class='ocrx_word' id='word_1_279' title='bbox 487 3940 587 3993; x_wconf 90' lang='lat' dir='ltr'>etiam</span> <span class='ocrx_word' id='word_1_280' title='bbox 602 3941 726 4009; x_wconf 78' lang='lat' dir='ltr'>Bentley,</span> <span class='ocrx_word' id='word_1_281' title='bbox 741 3940 798 3992; x_wconf 89' lang='lat' dir='ltr'>iam</span> <span class='ocrx_word' id='word_1_282' title='bbox 812 3942 1017 3995; x_wconf 80' lang='lat' dir='ltr'>Preud’bomme</span> <span class='ocrx_word' id='word_1_283' title='bbox 1082 3946 1096 3993; x_wconf 80' lang='grc'><strong>7</strong></span> <span class='ocrx_word' id='word_1_284' title='bbox 1115 3941 1200 4012; x_wconf 92' lang='lat' dir='ltr'>quae]</span> <span class='ocrx_word' id='word_1_285' title='bbox 1216 3941 1291 4010; x_wconf 89' lang='lat' dir='ltr'>quod</span> <span class='ocrx_word' id='word_1_286' title='bbox 1308 3945 1331 3995; x_wconf 81' lang='grc' dir='ltr'><em>Τ</em></span> 
     </span>
     <span class='ocr_line' id='line_1_34' title="bbox 182 4019 1329 4092; baseline 0.003 -22"><span class='ocrx_word' id='word_1_287' title='bbox 182 4023 199 4071; x_wconf 88' lang='lat'>8</span> <span class='ocrx_word' id='word_1_288' title='bbox 218 4019 378 4087; x_wconf 86' lang='lat' dir='ltr'>germanico</span> <span class='ocrx_word' id='word_1_289' title='bbox 395 4019 455 4088; x_wconf 75' lang='lat' dir='ltr'>HQ,</span> <span class='ocrx_word' id='word_1_290' title='bbox 474 4020 628 4089; x_wconf 85' lang='lat' dir='ltr'>germanici</span> <span class='ocrx_word' id='word_1_291' title='bbox 641 4021 687 4074; x_wconf 84' lang='lat' dir='ltr'>rel.</span> <span class='ocrx_word' id='word_1_292' title='bbox 704 4022 750 4088; x_wconf 80' lang='lat' dir='ltr'>(a)</span> <span class='ocrx_word' id='word_1_293' title='bbox 813 4020 960 4090; x_wconf 74' lang='lat' dir='ltr'>animeque</span> <span class='ocrx_word' id='word_1_294' title='bbox 974 4025 1003 4073; x_wconf 89' lang='lat' dir='ltr'><em>X</em></span> <span class='ocrx_word' id='word_1_295' title='bbox 1019 4023 1045 4092; x_wconf 72' lang='lat' dir='ltr'>(e</span> <span class='ocrx_word' id='word_1_296' title='bbox 1058 4021 1090 4073; x_wconf 80' lang='lat' dir='ltr'>in</span> <span class='ocrx_word' id='word_1_297' title='bbox 1105 4021 1130 4074; x_wconf 88' lang='lat' dir='ltr'><strong><em>L</em></strong></span> <span class='ocrx_word' id='word_1_298' title='bbox 1149 4037 1216 4074; x_wconf 78' lang='lat' dir='ltr'>corr.</span> <span class='ocrx_word' id='word_1_299' title='bbox 1237 4039 1270 4074; x_wconf 71' lang='lat' dir='ltr'>ecc</span> <span class='ocrx_word' id='word_1_300' title='bbox 1284 4021 1329 4090; x_wconf 74' lang='lat'>0.2)</span> 
     </span>
     <span class='ocr_line' id='line_1_35' title="bbox 183 4097 1330 4169; baseline 0.002 -18"><span class='ocrx_word' id='word_1_301' title='bbox 183 4097 362 4169; x_wconf 88' lang='lat' dir='ltr'>9cuiquam]</span> <span class='ocrx_word' id='word_1_302' title='bbox 381 4115 506 4166; x_wconf 90' lang='lat' dir='ltr'>unquam</span> <span class='ocrx_word' id='word_1_303' title='bbox 527 4100 552 4152; x_wconf 79' lang='lat' dir='ltr'><em>G</em></span> <span class='ocrx_word' id='word_1_304' title='bbox 635 4104 667 4151; x_wconf 87' lang='lat'>10</span> <span class='ocrx_word' id='word_1_305' title='bbox 686 4099 933 4167; x_wconf 87' lang='lat' dir='ltr'>ingeniumqueV,</span> <span class='ocrx_word' id='word_1_306' title='bbox 957 4099 1117 4168; x_wconf 88' lang='lat' dir='ltr'>ingenioL</span> <span class='ocrx_word' id='word_1_307' title='bbox 1200 4106 1233 4155; x_wconf 82' lang='lat'>14</span> <span class='ocrx_word' id='word_1_308' title='bbox 1253 4101 1330 4168; x_wconf 90' lang='lat' dir='ltr'>equi-</span> 
     </span>
     <span class='ocr_line' id='line_1_36' title="bbox 181 4177 1331 4248; baseline 0.003 -18"><span class='ocrx_word' id='word_1_309' title='bbox 181 4177 291 4230; x_wconf 91' lang='lat' dir='ltr'>tatione</span> <span class='ocrx_word' id='word_1_310' title='bbox 313 4180 358 4232; x_wconf 81' lang='lat' dir='ltr'>uel</span> <span class='ocrx_word' id='word_1_311' title='bbox 376 4193 448 4246; x_wconf 90' lang='lat' dir='ltr'>equo</span> <span class='ocrx_word' id='word_1_312' title='bbox 466 4183 543 4233; x_wconf 89' lang='lat' dir='ltr'>ueet·</span> <span class='ocrx_word' id='word_1_313' title='bbox 558 4180 673 4248; x_wconf 77' lang='lat' dir='ltr'>Bentley</span> <span class='ocrx_word' id='word_1_314' title='bbox 746 4185 779 4231; x_wconf 79' lang='grc'>15</span> <span class='ocrx_word' id='word_1_315' title='bbox 799 4194 883 4247; x_wconf 87' lang='lat' dir='ltr'>saepe</span> <span class='ocrx_word' id='word_1_316' title='bbox 907 4179 1060 4232; x_wconf 89' lang='lat' dir='ltr'>comminus</span> <span class='ocrx_word' id='word_1_317' title='bbox 1081 4180 1106 4233; x_wconf 76' lang='lat' dir='ltr'><strong><em>G</em></strong></span> <span class='ocrx_word' id='word_1_318' title='bbox 1180 4185 1212 4234; x_wconf 81' lang='grc'>16</span> <span class='ocrx_word' id='word_1_319' title='bbox 1232 4181 1331 4234; x_wconf 90' lang='lat' dir='ltr'>trium-</span> 
     </span>
     <span class='ocr_line' id='line_1_37' title="bbox 182 4257 1331 4328; baseline 0.003 -18"><span class='ocrx_word' id='word_1_320' title='bbox 182 4257 282 4326; x_wconf 87' lang='lat' dir='ltr'>phales</span> <span class='ocrx_word' id='word_1_321' title='bbox 298 4257 324 4312; x_wconf 78' lang='lat' dir='ltr'><em>G</em></span> <span class='ocrx_word' id='word_1_322' title='bbox 342 4259 443 4327; x_wconf 73' lang='lat' dir='ltr'>(Tora)</span> <span class='ocrx_word' id='word_1_323' title='bbox 507 4263 540 4310; x_wconf 78' lang='lat'>20</span> <span class='ocrx_word' id='word_1_324' title='bbox 559 4259 654 4326; x_wconf 90' lang='lat' dir='ltr'>putres</span> <span class='ocrx_word' id='word_1_325' title='bbox 675 4259 762 4312; x_wconf 82' lang='lat' dir='ltr'>Polole</span> <span class='ocrx_word' id='word_1_326' title='bbox 826 4263 859 4310; x_wconf 80' lang='lat'>22</span> <span class='ocrx_word' id='word_1_327' title='bbox 879 4258 1091 4328; x_wconf 88' lang='lat' dir='ltr'>qualiscumque</span> <span class='ocrx_word' id='word_1_328' title='bbox 1106 4259 1162 4312; x_wconf 82' lang='lat' dir='ltr'>HR</span> <span class='ocrx_word' id='word_1_329' title='bbox 1226 4265 1260 4312; x_wconf 75' lang='lat'>24</span> <span class='ocrx_word' id='word_1_330' title='bbox 1280 4277 1331 4313; x_wconf 89' lang='lat' dir='ltr'>sua</span> 
     </span>
     <span class='ocr_line' id='line_1_38' title="bbox 181 4337 1348 4414; baseline 0.003 -24"><span class='ocrx_word' id='word_1_331' title='bbox 181 4337 223 4408; x_wconf 86' lang='lat' dir='ltr'>re]</span> <span class='ocrx_word' id='word_1_332' title='bbox 242 4339 287 4392; x_wconf 84' lang='lat' dir='ltr'>hic</span> <span class='ocrx_word' id='word_1_333' title='bbox 304 4337 395 4404; x_wconf 74' lang='lat' dir='ltr'>delicit</span> <span class='ocrx_word' id='word_1_334' title='bbox 413 4338 469 4391; x_wconf 82' lang='lat' dir='ltr'>eod.</span> <span class='ocrx_word' id='word_1_335' title='bbox 490 4339 516 4391; x_wconf 89' lang='lat' dir='ltr'><em>V</em></span> <span class='ocrx_word' id='word_1_336' title='bbox 585 4337 729 4391; x_wconf 87' lang='lat' dir='ltr'>diuexanti</span> <span class='ocrx_word' id='word_1_337' title='bbox 755 4339 830 4393; x_wconf 75' lang='lat' dir='ltr'>Tora</span> <span class='ocrx_word' id='word_1_338' title='bbox 913 4345 946 4392; x_wconf 77' lang='lat'>25</span> <span class='ocrx_word' id='word_1_339' title='bbox 966 4356 1125 4394; x_wconf 90' lang='lat' dir='ltr'>suscensere</span> <span class='ocrx_word' id='word_1_340' title='bbox 1141 4341 1178 4394; x_wconf 90' lang='lat' dir='ltr'><em>M</em></span> <span class='ocrx_word' id='word_1_341' title='bbox 1181 4339 1249 4409; x_wconf 70' lang='lat'>1318,</span> <span class='ocrx_word' id='word_1_342' title='bbox 1270 4357 1348 4414; x_wconf 15' lang='lat' dir='ltr'>suo-—</span> 
     </span>
     <span class='ocr_line' id='line_1_39' title="bbox 183 4417 1330 4490; baseline 0.001 -19"><span class='ocrx_word' id='word_1_343' title='bbox 183 4434 294 4472; x_wconf 84' lang='lat' dir='ltr'>censere</span> <span class='ocrx_word' id='word_1_344' title='bbox 307 4417 480 4485; x_wconf 61' lang='lat' dir='ltr'>omum,</span> <span class='ocrx_word' id='word_1_345' title='bbox 491 4433 646 4471; x_wconf 87' lang='lat' dir='ltr'>successere</span> <span class='ocrx_word' id='word_1_346' title='bbox 659 4421 683 4470; x_wconf 78' lang='grc' dir='ltr'><strong><em>Τ</em></strong></span> <span class='ocrx_word' id='word_1_347' title='bbox 754 4425 788 4471; x_wconf 82' lang='lat'>‘26</span> <span class='ocrx_word' id='word_1_348' title='bbox 803 4419 945 4472; x_wconf 85' lang='lat' dir='ltr'>ueneficiis</span> <span class='ocrx_word' id='word_1_349' title='bbox 959 4420 1057 4490; x_wconf 68' lang='lat' dir='ltr'>HQL2,</span> <span class='ocrx_word' id='word_1_350' title='bbox 1072 4420 1215 4474; x_wconf 87' lang='lat' dir='ltr'>beneficiis</span> <span class='ocrx_word' id='word_1_351' title='bbox 1225 4421 1271 4474; x_wconf 84' lang='lat' dir='ltr'>rel.</span> <span class='ocrx_word' id='word_1_352' title='bbox 1283 4423 1330 4490; x_wconf 78' lang='lat' dir='ltr'>(a)</span> 
     </span>
     <span class='ocr_line' id='line_1_40' title="bbox 183 4499 381 4569; baseline 0.01 -19"><span class='ocrx_word' id='word_1_353' title='bbox 183 4499 381 4569; x_wconf 59' lang='lat' dir='ltr'>wfflmM</span> 
     </span>
    </p>
   </div>
   <div class='ocr_carea' id='block_1_4' title="bbox 1065 4589 1115 4642">
    <p class='ocr_par' dir='ltr' id='par_1_4' title="bbox 1065 4589 1115 4642">
     <span class='ocr_line' id='line_1_41' title="bbox 1065 4589 1115 4642; baseline 0.02 -1"><span class='ocrx_word' id='word_1_354' title='bbox 1065 4589 1115 4642; x_wconf 82' lang='lat'>11*</span> 
     </span>
    </p>
   </div>
   <div class='ocr_carea' id='block_1_5' title="bbox 0 0 1590 5106">
    <p class='ocr_par' dir='ltr' id='par_1_5' title="bbox 0 0 1590 5106">
     <span class='ocr_line' id='line_1_42' title="bbox 0 0 1590 5106; baseline 0 0"><span class='ocrx_word' id='word_1_355' title='bbox 0 0 1590 5106; x_wconf 95' lang='lat' dir='ltr'> </span> 
     </span>
    </p>
   </div>
  </div>
 </body>
</html>
