3142 5112
254 369 298 432 40
390 441 394 450 ⁴
607 367 634 422 c.
655 367 812 422 svaroru
832 367 1054 432 rainerum

255 531 490 595 dictaturam
510 531 741 615 deposuerit.
769 530 906 595 debere
925 531 1101 595 homines
1121 529 1409 595 consideratius
1453 521 1456 526 ¹

255 639 328 702 iam
355 637 464 722 loqui
491 658 618 701 secum
646 657 688 701 ac
719 658 787 722 pro
816 638 970 724 legibus
998 637 1140 702 habere
1171 659 1265 722 quae
1294 637 1409 701 dicat.

256 765 357 827 eoque
372 745 575 830 arrogantiae
588 765 776 831 progressus
792 749 849 829 est,
859 749 895 808 ut
908 745 1079 830 haruspice
1093 745 1200 808 tristia
1214 748 1247 807 et
1258 743 1327 807 sine
1339 765 1408 806 cor-

255 850 294 914 de
309 851 555 934 extaquondam
568 851 738 915 nuntiante
755 852 887 915 futura
902 852 1022 916 diceret
1036 850 1216 934 laetiora,
1231 872 1313 914 cum
1326 851 1408 914 uel-

253 957 321 1021 let:
335 977 403 1022 nec
417 979 485 1042 pro
500 962 655 1022 ostento
675 958 898 1041 ducendum,
917 959 949 1022 si
968 959 1105 1042 pecudi
1124 979 1188 1023 cor
1207 957 1407 1021 defuisset.
1441 984 1454 1022 a

204 1063 248 1127 78
342 1064 465 1128 Verum
483 1064 689 1149 praecipuam
708 1069 740 1129 et
763 1064 960 1129 exitiabilem
984 1066 1046 1129 sibi
1069 1063 1224 1129 inuidiam
1243 1064 1319 1128 hinc
1341 1087 1409 1127 ma-

253 1172 339 1236 xime
363 1172 475 1237 mouit.
512 1172 660 1236 adeuntis
683 1193 717 1235 se
740 1193 813 1235 cum
835 1172 985 1257 plurimis
1007 1171 1408 1254 honorificentissimisque

255 1279 391 1343 decretis
414 1279 583 1343 uniuersos
606 1282 714 1361 patres
738 1279 937 1363 conscriptos
960 1279 1073 1343 sedens
1095 1301 1155 1363 pro
1180 1279 1255 1342 aede
1270 1277 1407 1342 Veneris

256 1383 434 1449 Genetricis
453 1386 587 1468 excepit.
625 1385 756 1469 quidam
774 1389 891 1469 putant
910 1390 1070 1450 retentum
1089 1409 1108 1448 a
1124 1383 1273 1449 Cornelio
1293 1385 1407 1468 Balbe,

255 1513 327 1556 cum
358 1496 528 1556 conaretur
555 1514 735 1578 assurgere;
767 1493 832 1575 alii,
859 1515 899 1556 ne
928 1497 1078 1556 conatum
1108 1493 1237 1576 quidem
1266 1492 1406 1574 omnino,
1425 1517 1454 1556 ιο

254 1598 310 1661 sed
333 1598 430 1662 etiam
453 1598 679 1663 admonentem
703 1597 819 1663 Gaium
837 1599 1024 1664 Trebatium
1044 1603 1080 1663 ut
1099 1603 1281 1685 assurgeret
1299 1599 1407 1662 minus

220 1721 235 1766 u
255 1705 406 1768 familiari
430 1705 523 1768 uultu
546 1707 733 1789 respexisse.
774 1707 870 1790 idque
892 1708 1015 1771 factum
1042 1707 1111 1770 eius
1140 1710 1232 1770 tanto
1256 1706 1407 1769 intolera-

255 1812 352 1876 bilius
376 1816 426 1874 est
444 1812 559 1896 uisum,
584 1813 669 1896 quod
692 1814 762 1897 ipse
780 1813 995 1898 triumphanti
1015 1817 1047 1876 et
1065 1813 1219 1877 subsellia
1232 1812 1407 1877 tribunicia

255 1919 514 2003 praeteruehenti
542 1920 605 1984 sibi
632 1943 733 1984 unum
763 1943 779 1984 e
808 1922 944 2006 collegio
975 1921 1129 1985 Pontium
1157 1919 1310 2003 Aquilam
1338 1939 1407 1982 non

255 2026 468 2090 assurrexisse
501 2028 579 2091 adeo
610 2028 796 2114 indignatus
827 2029 882 2111 sit,
914 2032 951 2091 ut
979 2027 1242 2112 proclamauerit:
1275 2029 1406 2110 repete
1424 2017 1453 2089 ra

255 2155 346 2217 ergo
366 2156 385 2196 a
403 2155 459 2196 me
483 2132 624 2216 Aquila
647 2155 723 2197 rem
746 2133 941 2218 publicam
965 2134 1159 2198 tribunus!
1183 2138 1217 2197 et
1234 2154 1294 2197 nec
1312 2133 1408 2197 desti-

254 2239 331 2302 terit
363 2261 421 2322 per
454 2241 624 2304 continuos
662 2240 729 2304 dies
762 2241 934 2324 quicquam
971 2241 1122 2324 cuiquam
1160 2241 1224 2304 nisi
1261 2240 1320 2304 sub
1353 2263 1407 2304 ex-

255 2345 402 2430 ceptione
432 2347 592 2429 polliceri:
624 2348 656 2410 si
689 2353 816 2411 tamen
844 2369 911 2431 per
940 2346 1119 2412 Pontium
1151 2345 1330 2432 Aquilam
1359 2348 1406 2412 li-

91 2455 98 2460 '
148 2525 151 2530 ¹
205 2449 386 2515 79cuerit.
440 2453 556 2517 adiecit
589 2453 629 2516 ad
661 2459 728 2518 tam
761 2455 920 2541 insignem
954 2454 1095 2539 despecti
1133 2460 1262 2518 senatus
1295 2461 1407 2519 contu-

254 2559 383 2622 meliam
416 2559 518 2624 multo
552 2562 756 2647 arrogantius
788 2561 918 2625 factum.
968 2582 1042 2625 nam
1076 2558 1148 2624 cum
1181 2561 1216 2624 in
1248 2561 1406 2625 sacrificio
1424 2584 1455 2624 aa

254 2665 443 2729 Latinarum
474 2673 656 2730 reuertente
690 2690 727 2732 eo
757 2668 842 2731 inter
876 2668 1053 2732 inmodicas
1090 2689 1127 2730 ac
1156 2689 1258 2731 nouas
1292 2667 1406 2751 populi

255 2770 500 2836 acclamationes
525 2774 654 2857 quidam
679 2795 695 2837 e
719 2775 814 2838 turba
842 2779 967 2838 statuae
996 2775 1064 2838 eius
1088 2796 1240 2838 coronam
1263 2774 1406 2837 lauream

255 2878 389 2943 candida
411 2879 510 2942 fascia
533 2880 711 2966 praeligata
734 2881 930 2965 inposuisset
953 2887 985 2944 et
1003 2882 1126 2945 tribuni
1145 2882 1250 2965 plebis
1268 2880 1406 2964 Epidius

254 2985 412 3048 Marullus
438 2985 665 3070 Caesetiusque
688 2987 807 3051 Flauus
836 3010 971 3052 coronae
999 2987 1131 3051 fasciam
1156 2988 1281 3051 detrahi
1304 2987 1406 3051 homi-

254 3113 391 3174 nemque
422 3092 494 3156 duci
525 3095 558 3156 in
589 3095 718 3157 uincula
749 3096 931 3178 iussissent,
963 3095 1073 3158 dolens
1105 3117 1160 3158 seu
1190 3117 1305 3178 parum
1333 3116 1407 3179 pro·
1424 3117 1455 3158 aa

255 3221 346 3282 spere
370 3205 490 3263 motam
519 3201 610 3285 regni
634 3202 829 3266 mentionem
853 3203 934 3284 siue,
958 3206 993 3265 ut
1016 3201 1152 3284 ferebat,
1176 3206 1319 3285 ereptam
1343 3201 1405 3266 sibi

254 3305 391 3391 gloriam
416 3307 596 3390 recusandi,
625 3309 773 3372 tribunos
796 3309 939 3396 grauiter
961 3310 1136 3392 increpitos
1159 3313 1319 3393 potestate
1342 3307 1405 3392 pri-

220 3413 354 3475 nuauit.
396 3435 499 3494 neque
528 3435 566 3476 ex
594 3436 631 3477 eo
660 3415 826 3479 infamiam
855 3417 995 3480 affectati
1026 3417 1121 3480 etiam
1153 3416 1234 3500 regii
1264 3415 1405 3479 nominis

327 3603 341 3648 3
362 3599 493 3666 Polyaeu.
515 3600 591 3650 ΠΙ]
608 3603 658 3664 23,
675 3604 710 3652 32
734 3604 844 3666 Καῖσαρ
870 3609 918 3653 τοῦ
944 3601 1036 3653 θύτου
1058 3598 1187 3668 λέγοντος
1214 3597 1345 3653 ’ἀπαίσια
1368 3599 1404 3653 τὰ

255 3676 327 3741 iaod’
348 3678 396 3730 καὶ
415 3678 469 3744 μὴν
489 3676 592 3746 ἀμείνω
613 3680 666 3747 ἔφη
687 3680 870 3748 γενήσεσθαι,
890 3679 1005 3734 ἐπειδὰν
1025 3681 1110 3740 αὐτὸς
1130 3678 1255 3751 ἐθελήσῃ.
1329 3686 1345 3732 5
1364 3681 1402 3732 id.

260 3758 337 3808 ΠΙ]
353 3761 399 3822 23,
415 3762 450 3810 33
470 3763 579 3823 Καῖσαρ
599 3758 737 3825 ἀκαρὸίου
757 3761 885 3828 θύματος
909 3759 1074 3826 εὑρεθέντος
1095 3761 1153 3813 ‘aad
1172 3757 1199 3813 τί
1216 3759 1403 3826 παράδοξον,

255 3837 317 3903 ἕᾳη,
339 3837 375 3889 ‘el
395 3837 496 3905 ἄλογον
515 3845 585 3908 ζῷον
605 3837 725 3906 καρδίαν
745 3841 796 3892 οὐκ
816 3842 894 3909 ἔχω’

327 4017 479 4069 3triatitia
505 4019 599 4086 WT
669 4026 685 4070 4
709 4023 773 4071 exta
799 4020 901 4079 lll'L,
931 4024 1028 4072 exacta
1055 4019 1173 4083 GP¹O¹,
1201 4021 1301 4070 exacta
1324 4034 1406 4072 sacra

261 4095 372 4147 T‘P20²
446 4105 528 4149 beor
551 4099 652 4166 pecudi
674 4101 699 4153 G
772 4099 1054 4167 tinexpiabilemT
1125 4098 1272 4168 Saedens]
1292 4097 1405 4151 sedeG

256 4176 387 4243 coacepit
401 4177 434 4228 M
440 4177 456 4241 ¹,
471 4178 593 4245 suscepit
606 4179 639 4230 M
644 4179 681 4232 ²6
756 4187 786 4232 11
800 4182 833 4231 ut
848 4183 1005 4248 assurgeret
1020 4180 1070 4232 del.
1081 4179 1169 4232 Pelet
1244 4185 1276 4230 15
1295 4179 1405 4246 repetet

255 4263 277 4307 et
294 4262 349 4308 lum
362 4256 411 4308 del.
423 4257 551 4309 tribunus
563 4261 635 4312 Boot
691 4265 723 4311 16
734 4263 762 4312 et
776 4261 838 4329 nec]
849 4261 1022 4328 necBrulley
1033 4261 1079 4324 ut,
1090 4263 1117 4312 et
1129 4259 1147 4327 <
1153 4301 1156 4310 .
1166 4301 1170 4310 .
1179 4259 1264 4328 >nec
1272 4257 1406 4314 Bucheler

251 4337 451 4402 proclamantis
470 4339 551 4390 uerba
571 4357 625 4391 *recu
643 4342 727 4406 plena
742 4357 795 4392 esse
814 4348 891 4393 rutae
955 4346 986 4391 17
1003 4340 1146 4408 cuiquam]
1159 4339 1203 4390 cui
1216 4339 1241 4391 V
1301 4343 1333 4389 21
1352 4337 1405 4390 im-

255 4415 380 4468 modicas
396 4419 497 4469 ‹imod-
510 4420 574 4477 HR)
593 4422 623 4480 Γ,
643 4419 766 4472 modicas
783 4421 882 4473 MGX'
958 4426 991 4472 *23
1011 4418 1169 4488 praeligata
1186 4421 1233 4482 ill,
1256 4420 1328 4470 -tam
1347 4419 1405 4482 rel,

255 4499 317 4560 fiat.
339 4499 437 4550 trelius
509 4505 542 4549 al
562 4499 663 4551 flauius
685 4500 718 4551 M
726 4501 751 4553 G
824 4507 857 4552 ’26
876 4503 908 4551 ut
926 4499 1064 4553 referebat
1088 4504 1110 4552 Υ
