3142 5112
494 347 602 402 DIVVS
620 346 812 403 AVGVSTVS
831 360 897 410 [car.
910 361 999 412 Μ]
1278 347 1320 412 79

171 510 398 594 ordinauitque
425 513 533 574 motus
560 510 678 576 iniuria
706 513 877 594 senatoris,
905 533 1001 596 quem
1025 511 1169 578 Puteolis
1192 533 1250 596 per
1273 531 1321 576 ce

170 617 358 682 leberrimos
388 617 482 681 ludos
513 639 664 682 consessu
693 618 856 702 frequenti
891 641 986 683 nemo
1017 621 1187 704 receperat.
1234 617 1320 682 facto

171 725 272 810 igitur
299 724 426 789 decreto
454 727 583 808 patrum
612 727 662 807 ut,
692 726 841 808 quotiens
872 725 949 809 quid
980 725 1155 810 spectaculi
1184 747 1320 808 usquam

169 831 299 916 publice
327 831 486 915 ederetur,
517 831 640 914 primus
671 829 898 896 subselliorum
928 831 1006 897 ordo
1036 835 1166 897 uacaret
1197 835 1320 896 senato·

140 938 270 1021 oribus,
292 936 415 1002 Romae
442 936 567 1022 legatos
595 937 768 1002 liberarum
796 941 1019 1023 sociarumque
1046 938 1192 1025 gentium
1215 939 1321 1002 uetuit

170 1046 205 1109 in
235 1043 397 1109 orchestra
429 1043 548 1129 sedere,
582 1065 655 1108 cum
688 1045 843 1128 quosdam
880 1047 978 1110 etiam
1015 1045 1159 1110 libertini
1194 1044 1320 1130 generis

168 1151 257 1216 mitti
290 1151 517 1236 deprendisset.
568 1150 705 1215 militem
740 1154 877 1218 secreuit
914 1175 933 1216 a
965 1154 1094 1237 populo.
1144 1150 1270 1216 maritis
1303 1165 1355 1216 ea

170 1259 265 1342 plebe
287 1259 437 1342 proprios
461 1258 589 1322 ordines
612 1259 799 1344 designauit,
821 1260 1033 1343 praetextatis
1056 1280 1192 1323 cuneum
1216 1279 1319 1342 suum,

170 1368 203 1428 et
225 1362 409 1449 proximum
433 1364 643 1450 paedagogis,
671 1365 840 1449 sanxitque
867 1388 908 1431 ne
937 1366 1009 1450 quis
1034 1365 1232 1449 pullatorum
1256 1387 1320 1429 me-

122 1497 153 1538 rc
170 1471 223 1535 dia
246 1492 343 1535 cauea
366 1470 497 1534 rederet.
537 1471 666 1536 feminis
689 1493 730 1536 ue
756 1472 951 1557 gladiatores
975 1473 1119 1557 quidem,
1142 1493 1225 1554 quos
1248 1492 1320 1555 pro·

169 1577 292 1642 miscuo
324 1577 461 1661 spectari
493 1576 648 1642 sollemne
681 1575 759 1641 olim
788 1582 870 1662 erat,
900 1577 964 1642 nisi
994 1601 1033 1642 ex
1061 1576 1224 1661 superiore
1246 1575 1320 1642 loco

170 1687 315 1768 spectare
339 1683 504 1749 concessit.
543 1683 621 1748 aclis
644 1683 825 1769 uirginibus
839 1684 1025 1750 Vestalibus
1048 1684 1157 1750 locum
1180 1682 1214 1748 in
1232 1682 1356 1748 thee-e

112 1879 115 1882 .
169 1795 221 1856 tro
245 1790 416 1875 separatim
441 1793 473 1854 et
502 1794 614 1854 contra
640 1791 797 1874 praetoris
821 1792 963 1856 tribunal
986 1791 1082 1856 dedit.
1124 1790 1319 1854 athletarum

169 1920 245 1962 uero
279 1898 463 1981 spectaculo
501 1896 657 1960 muliebre
694 1918 785 1961 secus
824 1919 917 1962 omne
950 1898 1028 1962 adeo
1062 1899 1251 1980 summouit,
1283 1901 1320 1962 ut

124 2028 153 2069 rs
168 2003 410 2088 pontificalibus
433 2003 518 2067 ludis
545 2002 694 2088 pugilum
722 2027 782 2088 par
809 2005 1008 2088 postulatum
1032 2005 1193 2069 distulerit
1215 2005 1250 2068 in
1273 2003 1324 2067 ine

170 2111 332 2194 sequentis
351 2109 415 2173 diei
434 2110 628 2174 matutinum
647 2114 776 2195 tempus
797 2110 1008 2194 edixeritque:
1031 2111 1213 2176 mulieres
1232 2114 1319 2175 ante

169 2217 301 2282 horam
342 2216 515 2300 quintam
552 2217 685 2282 uenire
730 2217 769 2280 in
810 2218 1004 2282 theatrum
1044 2238 1119 2281 non
1155 2216 1318 2300 placere.

170 2325 238 2408 ipse
276 2325 432 2389 circenses
470 2345 509 2386 ex
546 2324 723 2388 amicorum
765 2323 831 2387 fere
868 2322 1121 2406 libertorumque
1158 2319 1370 2388 ceuaculislb

171 2430 350 2515 spectabat,
376 2429 537 2494 interdum
567 2453 607 2494 ex
631 2429 794 2514 puluinari
818 2434 850 2494 et
874 2429 1003 2513 quidem
1027 2450 1099 2494 curn
1123 2431 1258 2516 coniuge
1282 2451 1319 2494 ec

123 2560 154 2600 sc
170 2537 279 2602 liberis
312 2537 433 2602 sedens.
480 2538 662 2622 spectaculo
691 2538 845 2620 plurimas
880 2539 990 2621 horas,
1024 2536 1196 2620 aliquando
1231 2538 1318 2602 totos

170 2644 235 2708 dies
266 2643 390 2729 aberat,
422 2643 523 2728 petita
554 2647 650 2708 uenia
684 2644 978 2726 commendatisque
1011 2645 1066 2728 qui
1095 2665 1186 2708 suam
1213 2644 1318 2708 uicem
1361 2701 1366 2708 .

168 2751 378 2835 praesidendo
402 2751 622 2836 fungerentur.
663 2773 776 2814 uerum
800 2752 949 2834 quotiens
968 2750 1101 2833 adesset,
1123 2751 1207 2814 nihil
1229 2771 1317 2835 prae·

168 2861 254 2922 terea
282 2857 410 2942 agebat,
439 2879 494 2920 seu
522 2857 649 2922 uitandi
671 2858 809 2921 rumoris
833 2879 941 2941 eausa,
970 2879 1033 2941 quo
1056 2859 1182 2941 patrem
1206 2855 1318 2920 Caesa-

167 2987 234 3028 rem
258 2965 358 3049 uulgc
386 2963 615 3048 reprehensum
644 2965 929 3048 commemorabat,
958 2964 1044 3048 quod
1066 2965 1151 3028 inter
1174 2967 1318 3048 spectan-

123 3093 152 3133 as
168 3071 245 3135 dum
279 3069 425 3155 epistulis
457 3071 640 3155 libellisque
672 3070 816 3156 legendis
852 3071 907 3136 aut
938 3071 1148 3136 rescribendis
1180 3074 1318 3154 uacaret,

168 3200 224 3243 seu
248 3177 354 3241 studio
384 3178 549 3262 spectandi
577 3199 614 3242 ac
641 3179 823 3261 uoluptate,
851 3200 915 3261 qua
942 3179 1044 3242 teneri
1073 3201 1105 3242 se
1128 3199 1232 3261 neque
1255 3177 1317 3241 dis·

166 3284 334 3350 simulauit
363 3307 518 3368 umquam
549 3290 581 3349 et
611 3307 707 3368 saepe
740 3285 877 3369 ingenue
909 3282 1073 3369 professus
1107 3289 1163 3348 est.
1209 3285 1351 3367 itaquae

167 3391 337 3457 corollaria
365 3395 397 3454 et
423 3392 566 3475 praemia
593 3393 628 3454 in
657 3392 769 3455 alienis
798 3413 925 3474 quoque
953 3391 1140 3456 muneribus
1169 3413 1205 3454 ae
1232 3389 1316 3453 ludis

238 3590 272 3637 26
291 3586 325 3651 cf.
348 3586 445 3639 Victor.
468 3585 541 3639 Caes.
558 3587 615 3650 1‚4
640 3583 777 3652 flagrante
803 3582 880 3636 haud
906 3583 1016 3638 modice
1039 3583 1150 3636 luxuria
1173 3582 1317 3636 ludorum-

164 3682 220 3734 que
239 3664 381 3733 cupidine.

238 3839 411 3888 2eonsensu
431 3835 469 3888 M
473 3834 524 3887 VR
601 3831 785 3887 tconsidere
804 3833 875 3899 HR,
904 3832 1098 3902 consisteret?
1180 3834 1317 3903 'ldepre-

160 3914 310 3970 hendisset
329 3912 431 3968 X'HR
504 3918 574 3967 9ne
594 3912 656 3980 quis
676 3929 725 3966 om.
746 3913 772 3964 V
843 3919 874 3965 11
896 3911 1024 3966 sollemni
1045 3915 1083 3967 M
1153 3919 1185 3966 12
1205 3929 1315 3968 conces·

161 3997 203 4050 sit
218 3994 293 4048 solis.
308 3995 420 4064 dictiue.
438 3994 553 4049 Gooaub.
570 3995 606 4049 ol.
681 3998 713 4045 13
734 3995 894 4062 separatum
908 3994 952 4052 Vs
1031 3999 1063 4045 14
1082 3993 1219 4047 muliebre
1238 4010 1316 4047 secus

160 4080 259 4148 (sexus
280 4075 312 4144 Q)
337 4090 418 4127 omne
439 4075 477 4128 M
482 4073 516 4143 Q,
541 4072 679 4127 muliebre
699 4079 767 4126 sexu
786 4077 880 4127 somne
902 4076 932 4140 V,
956 4073 1121 4128 muliebrem
1143 4090 1238 4127 sexum
1258 4090 1317 4126 om-

159 4173 229 4210 nem
249 4157 295 4208 rel.
393 4170 487 4208 omnes
507 4154 700 4209 LEGrooov.
797 4154 973 4207 subsumouit
989 4156 1026 4208 M
1119 4159 1151 4206 15
1171 4153 1317 4223 partimG

160 4243 198 4291 le
214 4234 399 4302 edixeritque
412 4236 481 4300 MP,
501 4234 676 4302 edixeritque
691 4251 746 4301 quo
759 4234 793 4301 G,
808 4234 952 4302 edixitque
966 4236 991 4288 Τ
1044 4239 1075 4287 17
1086 4234 1216 4287 uenirent
1227 4234 1316 4287 Mor

160 4323 197 4371 19
219 4332 282 4368 cum
302 4331 352 4370 om.
365 4313 448 4383 Moe
522 4317 555 4367 2'0
575 4313 736 4383 spectacula
748 4314 820 4382 MQ,
840 4315 904 4367 inde
923 4314 1008 4367 edens
1028 4313 1190 4383 spectacula
1200 4314 1316 4383 Bentley

153 4395 343 4468 probabiliter
397 4399 430 4447 21
447 4394 546 4447 aberat
560 4411 577 4452 ς
592 4395 837 4463 (ed.Bosil.1533),
853 4395 951 4447 aderat
961 4399 996 4460 a,
1007 4396 1134 4449 {morium
1145 4401 1209 4462 post
1219 4395 1316 4448 aderat

157 4476 263 4533 maluit
281 4476 379 4530 Medd.
422 4541 424 4546 Ι
454 4490 504 4527 sua
521 4474 585 4528 uice
605 4475 656 4528 Ps
663 4477 688 4529 Τ
757 4474 1010 4529 annihilent!
