3136 5100
594 347 716 403 GALBA
735 359 800 410 [err.
816 359 903 438 1o-1e]
1256 348 1320 412 279

173 514 287 598 capitis
306 512 477 579 adfecisset
500 535 573 576 cum
592 511 783 598 coniugibus
807 533 843 575 ac
861 511 987 594 liberis;
1011 511 1160 594 quodque
1179 511 1321 576 oblatam

173 643 192 686 a
224 620 515 685 Tarraconensibus
548 641 565 683 e
596 622 705 684 uetere
735 618 857 703 templo
887 616 976 682 louis
1009 638 1160 683 coronam
1193 641 1319 684 auream
1397 650 1400 658 ·

172 727 326 792 librarum
351 727 534 812 quindecim
565 726 735 790 conflasset
758 720 796 789 ac
825 729 890 790 tres
915 726 1040 807 uncias,
1076 747 1157 808 quae
1186 725 1320 809 ponderi

171 834 311 917 deerant,
335 833 479 898 iussisset
503 832 597 918 exigi.
639 853 677 896 aa
703 831 789 896 fama
817 836 849 896 et
873 831 1061 896 confirmata
1088 835 1120 896 et
1148 836 1240 896 aucta
1264 835 1355 917 esta

143 945 208 1005 sut
231 941 372 1024 primum
396 939 507 1004 urbem
531 939 666 1004 introiit.
708 961 782 1003 nam
807 959 880 1003 eum
906 937 1100 1021 classiarios,
1128 960 1209 1022 quos
1231 937 1319 1003 Nero

170 1069 210 1111 ex
227 1046 403 1132 remigibus
424 1047 527 1112 iustos
546 1045 667 1110 milites
681 1045 809 1128 fecerat,
827 1045 930 1109 redire
949 1039 1180 1130 ad‘pristinum
1200 1049 1319 1110 statum

170 1159 308 1238 cogeret,
331 1153 508 1218 recusantis
528 1157 624 1236 atque
643 1153 774 1237 insuper
793 1151 933 1236 aquilam
957 1155 989 1216 et
1013 1151 1106 1237 signa
1123 1152 1319 1236 pertinacius

169 1261 346 1345 flagitantis
377 1281 443 1323 non
472 1258 568 1322 modo
597 1259 731 1323 inmisso
761 1258 868 1342 equite
897 1258 1036 1342 disiecit,
1065 1258 1120 1323 sed
1147 1257 1320 1322 decimauit

170 1367 274 1432 etism.
323 1367 401 1430 item
435 1363 665 1437 Germanorum
698 1364 864 1430 cohortem
897 1389 915 1430 a
945 1363 1135 1431 Caesaribus
1168 1365 1246 1430 olim
1279 1366 1320 1429 ad

128 1496 156 1538 ro
171 1473 349 1538 custodiam
380 1474 525 1556 corporis
558 1473 740 1537 institutam
772 1472 946 1556 multisque
983 1473 1212 1556 experimentis
1244 1472 1319 1537 fide-

168 1581 325 1644 lissimam
350 1579 500 1644 dissoluit
527 1601 563 1644 ac
593 1579 662 1643 sine
685 1579 855 1644 commodo
879 1579 944 1643 ullo
968 1580 1093 1643 remisit
1116 1579 1150 1644 in
1173 1579 1319 1662 patriam,

170 1688 262 1770 quasi
286 1685 340 1752 Cn.
361 1685 557 1769 Dolabellae,
580 1686 670 1750 iuxta
693 1686 784 1751 euius
807 1685 919 1751 hortos
942 1686 1102 1768 tendebat,
1124 1684 1317 1769 proniorem.

168 1794 224 1857 illa
254 1815 382 1878 quoque
413 1815 528 1858 uerene
559 1816 599 1857 an
628 1793 710 1857 falso
741 1813 797 1875 per
820 1793 996 1857 ludibrium
1026 1792 1236 1876 iactabantur,
1266 1793 1353 1856 ade

168 1901 275 1984 posita
306 1901 444 1965 lautiore
477 1921 554 1964 cena
584 1900 778 1985 ingemuisse
810 1921 897 1982 eum,
929 1903 961 1964 et
993 1899 1155 1964 ordinario
1188 1898 1317 1981 quidem

125 2028 154 2070 rs
168 2008 382 2091 dispensatori
412 2007 607 2071 breuiarium
634 2006 796 2071 rationum
825 2005 971 2070 offerenti
997 2005 1201 2088 paropsidem
1230 2005 1317 2090 legu-

167 2115 264 2177 minis
299 2135 358 2198 pro
389 2113 560 2178 sedulitate
595 2134 631 2178 ac
663 2112 830 2198 diligentia
863 2111 1056 2196 porrexisse,
1092 2109 1178 2175 Oeno
1209 2116 1317 2176 autem

169 2219 339 2284 choraulae
368 2221 449 2284 mire
478 2219 619 2302 placenti
654 2219 800 2286 denarios
831 2218 971 2302 quinque
1007 2218 1142 2282 donasse
1174 2218 1317 2301 prolatos

167 2348 264 2390 manu
288 2349 346 2390 sua
369 2351 385 2392 e
409 2327 624 2410 peculiaribus
647 2327 762 2391 loculis
786 2326 861 2391 suis.

258 2433 363 2509 Quare
373 2433 530 2498 aduentus
541 2435 609 2498 eius
623 2454 690 2497 non
703 2433 835 2517 perinde
850 2436 965 2518 gratus.
975 2431 1046 2514 fuit,
1058 2431 1154 2515 idque
1169 2426 1368 2516 proxim013

122 2561 153 2602 ro
167 2540 349 2624 spectaculo
374 2542 536 2625 apparuit,
564 2540 721 2624 siquidem
745 2538 903 2605 Atellanis
927 2540 1133 2604 notissimum
1157 2539 1316 2603 canticum

165 2647 259 2728 <eoru
276 2647 337 2728 fro.
352 2669 384 2728 p.
403 2650 488 2730 333>
512 2648 647 2711 exorsis:

468 2753 622 2838 uenit[i]
647 2751 848 2818 Onesimus
872 2776 890 2816 a
914 2753 1020 2817 uilla·

166 2861 273 2925 cuncti
301 2861 398 2925 simul
428 2865 625 2945 spectatores
652 2861 871 2925 consentiente
899 2880 978 2924 uoce
1006 2861 1162 2943 reliquam
1191 2863 1315 2942 partem

165 2967 402 3050 ret<t>ulerunt
425 2989 461 3031 ac
486 2967 613 3052 saepius
633 2989 729 3031 uersu
751 2965 889 3049 repetito
909 2970 1051 3051 egerunt.
1092 2966 1212 3030 maiore
1236 2965 1314 3030 adeo
1323 2966 1368 3033 14

122 3093 152 3134 ss
167 3076 199 3136 et
221 3074 333 3138 fauore
363 3080 395 3138 et
422 3075 613 3138 auctoritate
644 3073 778 3157 adeptus
806 3077 855 3136 est
886 3095 981 3156 quam
1012 3073 1112 3159 gessit
1135 3072 1315 3156 imperium,

166 3202 349 3263 quanquam
375 3181 478 3245 multa
507 3181 700 3245 documenta
724 3178 845 3265 egregii
873 3179 1028 3264 principis
1052 3179 1154 3263 daret3
1185 3177 1240 3242 sed
1262 3201 1315 3242 ne·

165 3309 326 3370 quaquam
349 3292 416 3352 tam
440 3292 532 3372 grata
555 3291 654 3369 erant,
679 3308 776 3369 quam
800 3287 905 3350 inuisa
930 3307 1010 3368 quae
1034 3306 1123 3349 secus
1147 3286 1269 3349 fierent.

236 3456 305 3521 def.
326 3455 418 3509 Victor
434 3453 507 3508 Caes.
525 3459 580 3520 6‚1
608 3452 657 3505 ubi
684 3451 802 3506 Romam
825 3451 967 3521 ingressus
998 3453 1052 3518 est,
1079 3451 1160 3518 quasi
1185 3450 1313 3504 luxuriae

166 3535 216 3586 aut
242 3533 328 3587 etiam
357 3533 519 3588 crudelitati
547 3533 652 3586 auxilio
684 3532 895 3598 uentitauisset‚
929 3547 1027 3600 rapere
1058 3531 1170 3584 trabere
1202 3547 1311 3585 uexere.

164 3619 198 3666 24
218 3615 336 3682 Eutrop.
358 3615 420 3668 VII
430 3619 505 3681 16‚2
524 3613 608 3666 huius
622 3613 707 3667 breue
722 3612 871 3680 imperium
890 3609 946 3665 fuit
965 3614 993 3665 et
1010 3611 1085 3679 quod
1103 3611 1178 3664 bone
1196 3611 1313 3665 haberet

162 3693 286 3758 exordia,
306 3694 361 3747 nisi
380 3695 416 3748 ad
436 3694 616 3748 seueritatem
634 3693 799 3762 propensior
815 3692 966 3747 uideretur.

236 3845 249 3891 1
271 3854 304 3891 ec
318 3837 414 3893 liberis
429 3852 540 3905 quoque
552 3838 595 3902 M,
615 3851 647 3889 ac
662 3835 814 3903 liberisque
829 3837 846 3888 δ
928 3833 1053 3888 ablatam
1069 3834 1163 3894 ΡΟΤς
1178 3836 1311 3904 (Ernesti)

163 3924 179 3971 3
199 3937 234 3971 xv
250 3918 333 3972 Ger
404 3923 435 3970 11
450 3916 509 3970 ullo
525 3916 670 3969 commodo
685 3919 716 3970 Π
729 3917 823 3985 (culp.)
899 3921 930 3967 12
947 3913 1132 3967 dolabella-
1143 3914 1271 3983 proniore
1287 3914 1312 3968 G

165 4003 197 4050 15
217 3998 356 4053 rationem
371 3997 508 4063 ML¹PT‚
528 3996 668 4050 delendam
683 4002 768 4065 patet
781 3997 914 4049 Betebeter
933 3995 976 4062 (ef.
997 3995 1058 4048 See.
1078 3996 1153 4064 epist.
1170 3997 1248 4063 39,1)
1268 3996 1312 4048 ael

95 4073 97 4078 ⁸
161 4079 240 4132 scrib.
260 4078 431 4132 breuiariam
449 4075 587 4130 rationem
663 4089 715 4144 par
734 4077 839 4144 (perd)
859 4074 986 4128 obsidem
1001 4076 1062 4142 Mo,
1081 4073 1261 4143 parabsidem
1277 4074 1310 4142 G,

162 4158 343 4228 parapsidem
353 4163 382 4215 X
383 4161 407 4212 Τ
415 4159 510 4227 (culp.)
576 4162 607 4210 21
620 4156 724 4216 exorsis
734 4156 889 4210 Beroaldus
900 4154 965 4223 (ςὲ),
976 4171 1088 4208 exorsus
1098 4157 1124 4206 a
1189 4159 1222 4206 22
1232 4153 1312 4207 uenit

163 4237 304 4292 onesimus
314 4239 332 4292 d
342 4239 419 4306 (Aet.
428 4237 622 4307 stapedibus),
636 4235 780 4290 uenitione
791 4235 869 4303 (ued-
880 4236 916 4303 Τ)
932 4233 1017 4287 simus
1032 4233 1126 4302 (simul
1136 4234 1170 4303 G)
1182 4236 1208 4285 Ω
1223 4233 1312 4301 (uenit

161 4316 332 4371 Ionesimula
350 4317 420 4371 uilla
437 4317 481 4386 G),
500 4316 580 4369 uenit
596 4315 622 4368 io
642 4315 728 4368 simus
748 4314 860 4383 (Simus)
879 4315 1021 4368 Turnebus
1035 4315 1140 4384 (culp),
1161 4313 1241 4368 uenit
1259 4313 1311 4368 ohe

162 4397 255 4452 Simus
274 4398 332 4451 Iac.
350 4399 482 4462 Gronau,
508 4395 587 4449 uenit
606 4395 764 4450 Dorsennus
785 4395 872 4449 W.A.
883 4395 1004 4449 Schmidt
1094 4398 1127 4446 23
1148 4393 1311 4454 concinente

162 4479 279 4549 Bentley
351 4484 384 4530 27
404 4479 487 4548 grata
506 4476 583 4548 (ea)
601 4476 715 4530 Oosacb.
