3108 5102
526 358 696 413 VITBLbIV
697 357 715 410 S
734 369 800 418 [111.
816 368 890 417 1-11]
1216 355 1281 420 299

132 523 260 588 sissimo
288 522 554 607 circumdederat,
583 522 617 586 in
640 521 853 605 profluentem
877 519 1011 603 excidit,
1038 541 1115 584 mox
1137 509 1282 584 Viennae

131 653 191 714 pro
206 629 362 694 tribunali
377 630 449 694 iura
462 627 607 693 reddenti
624 627 820 714 gallinaceus
839 648 935 709 supra
953 647 1099 690 umerum
1118 646 1155 688 ac
1169 625 1283 690 deiude

131 737 166 800 in
181 736 286 820 capite
301 736 414 800 astitit.
448 736 566 819 quibus
581 735 717 800 ostentis
731 757 790 818 par
804 733 970 816 respondit
984 733 1101 817 exitum
1119 755 1193 796 nam
1210 754 1283 796 con-

130 844 296 908 firmatum
315 865 372 928 per
382 842 515 927 legatos
534 864 610 908 suos
629 841 799 926 imperium
817 862 875 925 per
889 861 922 904 se
936 840 1073 904 retinere
1087 860 1152 902 non
1166 840 1282 922 potuit.

100 977 114 1015 1
220 948 269 1013 De
293 949 489 1014 Betriacensi
515 949 654 1014 uictoria
681 953 714 1012 et
736 945 874 1011 Othonis
898 946 995 1029 exitu,
1024 967 1096 1009 cum
1119 945 1224 1009 adhuc
1247 944 1336 1011 inlu

133 1054 236 1120 Gallia
269 1061 360 1139 esset,
394 1056 497 1120 audiit
528 1055 677 1139 nihilque
712 1058 880 1118 cunctatus
886 1105 895 1138 ,
927 1052 1079 1137 quiequid
1110 1053 1283 1136 praetoria

132 1185 244 1226 narum
277 1162 456 1228 cohortium
483 1163 558 1244 fuit,
587 1167 625 1226 ut
647 1161 779 1246 pessimi
802 1159 949 1244 exempli,
972 1181 1037 1224 uno
1061 1159 1283 1224 exauctorauit

132 1270 237 1335 edicto
271 1271 373 1334 iussas
408 1269 550 1334 tribunis
581 1270 706 1333 tradere
736 1289 831 1332 arma.
885 1270 1012 1331 centum
1044 1269 1152 1330 autem
1185 1269 1283 1348 atque

131 1377 257 1463 uiginti,
283 1399 419 1460 quorum
442 1375 570 1440 libellos
595 1374 716 1440 Othoni
741 1375 834 1439 datos
853 1375 1022 1440 inuenerat
1040 1373 1283 1458 exposcentium

85 1509 116 1548 ιο
130 1483 310 1568 praemium
343 1483 384 1547 ob
413 1483 532 1547 editam
561 1482 595 1547 in
622 1482 716 1546 caede
746 1479 864 1545 Galbae
893 1501 1037 1565 operam,
1075 1479 1223 1562 conquiri
1250 1484 1284 1543 et
1316 1501 1320 1508 ·

132 1590 291 1674 supplicio
323 1590 415 1654 adfici
446 1589 631 1673 imperauit,
665 1587 793 1674 egregie
825 1609 956 1671 prorsus
987 1592 1083 1671 atque
1114 1585 1283 1672 magnifice

132 1703 164 1761 et
188 1700 226 1760 ut
250 1697 368 1760 summi
391 1696 548 1779 principis
572 1717 661 1779 spem
686 1693 877 1778 ostenderet,
900 1695 963 1758 nisi
987 1698 1092 1758 cetera
1118 1693 1220 1778 magis
1243 1713 1282 1756 ex

131 1808 248 1868 natura
271 1808 303 1868 et
326 1803 434 1887 priore
453 1803 522 1866 uita
540 1824 598 1866 sua
617 1824 714 1886 quam
733 1823 772 1865 ex
792 1800 920 1884 imperii
938 1801 1104 1865 maiestate
1123 1798 1281 1884 gessisset.

130 1932 270 1994 namque
294 1909 409 1975 itinere
433 1909 585 1974 incohato
608 1932 666 1993 per
688 1908 808 1973 medias
833 1908 980 1972 ciuitates
998 1907 1064 1972 ritu
1083 1905 1317 1989 triumphans

88 2041 116 2080 11
131 2016 214 2082 tium
242 2020 355 2080 uectus
379 2021 428 2081 est
450 2038 571 2101 perque
594 2015 728 2080 flumina
752 2015 988 2079 delicatissimis
1012 2013 1151 2099 nauigiis
1175 2018 1207 2077 et
1230 2034 1282 2074 ua-

130 2123 251 2187 riarum
282 2145 473 2188 coronarum
504 2144 620 2209 genere
650 2122 817 2207 redimitis,
849 2122 933 2185 inter
962 2120 1203 2205 profusissimos
1228 2117 1283 2181 ob-

131 2231 297 2294 soniorum
321 2234 507 2314 apparatus,
535 2230 625 2293 nulla
650 2229 789 2294 familiae
812 2232 868 2292 aut
891 2228 1005 2292 militis
1028 2226 1207 2310 disciplina,
1235 2247 1283 2289 ra-

131 2335 225 2421 pinas
249 2359 287 2402 ac
307 2336 519 2419 petulantiam
540 2337 685 2401 omnium
704 2337 739 2400 in
757 2337 864 2401 iocum
884 2338 1028 2420 uertens,
1052 2334 1190 2417 quinon
1211 2354 1283 2397 eon-

131 2444 215 2507 tenti
238 2445 334 2528 epulo
359 2443 479 2527 ubique
503 2442 633 2526 publice
656 2441 813 2526 praebito,
838 2461 1056 2524 quoscumque
1079 2439 1227 2504 libuisset
1249 2439 1284 2503 in

89 2573 117 2613 ao
131 2549 315 2614 libertatem
339 2548 534 2630 asserebant,
563 2548 698 2613 uerbera
721 2552 753 2612 et
776 2550 898 2634 plagas,
922 2569 1016 2632 saepe
1039 2549 1183 2630 uulnera,
1206 2568 1283 2610 non·

129 2679 308 2740 numquam
337 2679 446 2721 necem
474 2659 749 2740 repraesentantes
777 2653 1032 2719 aduersantibus.
1077 2657 1178 2738 utque
1202 2669 1318 2735 cam-e

129 2785 199 2848 poe,
222 2764 256 2826 iu
276 2765 393 2847 quibus
411 2768 591 2848 pugnaturn
610 2768 667 2846 est,
692 2761 768 2846 adit,
794 2761 997 2826 abhorrentis
1017 2760 1173 2844 quosdam
1192 2761 1283 2824 cada-

130 2891 245 2934 uerum
273 2871 380 2935 tabem
405 2869 588 2934 detestabili
611 2891 692 2934 uoce
717 2869 907 2932 confirmare
930 2890 1026 2932 ausus
1049 2871 1108 2950 est,
1138 2868 1283 2951 optime.

131 2975 237 3038 olere
256 2977 423 3040 occisum
442 2976 592 3041 hostem
611 2981 648 3040 et
666 2976 804 3040 melius
824 2975 953 3039 ciuem.
990 2995 1048 3038 neo
1067 2995 1105 3038 eo
1125 2974 1224 3037 setius
1243 2973 1284 3038 ad

14 3088 15 3092 ’
90 3108 116 3146 aa
131 3081 312 3145 leniendam
336 3085 530 3168 grauitatem
555 3084 662 3147 odoris
685 3082 862 3166 plurimum
884 3081 965 3144 meri
989 3080 1156 3164 propalam
1175 3079 1283 3145 hausit

130 3188 318 3273 passimque
352 3190 472 3255 diuisit.
524 3191 594 3276 pari
633 3189 777 3254 uanitate
813 3193 908 3272 atque
940 3187 1115 3251 insolentia
1143 3186 1282 3270 lapidem

131 3296 304 3360 memoriae
324 3295 463 3362 Othonis
482 3298 674 3380 inscriptum
693 3297 820 3360 intuens
844 3295 1001 3380 dignum
1024 3316 1066 3358 eo
1085 3293 1282 3358 Mausoleo

131 3404 188 3483 ait,
215 3405 463 3488 pugionemque,
492 3425 556 3487 quo
580 3404 608 3466 is
632 3425 665 3467 se
689 3401 858 3485 occiderat,
882 3403 916 3467 in
939 3401 1209 3487 Agrippinensem
1233 3422 1283 3464 co-

131 3506 253 3572 loniam
278 3511 366 3575 misit
389 3511 488 3574 Marti
512 3510 731 3575 dedicandum.
777 3510 811 3574 in
835 3508 1020 3594 Appennini
1045 3509 1173 3590 quidem
1198 3507 1283 3593 iugis

91 3641 118 3680 ao
132 3617 231 3680 etiam
254 3618 461 3703 peruigilium
485 3618 559 3703 egit.
606 3617 719 3681 urbem
744 3616 880 3700 denique
904 3615 944 3678 ad
967 3615 1135 3680 classicum
1157 3611 1334 3678 introiitll

131 3723 306 3807 paludatus
325 3725 475 3808 ferroque
494 3724 685 3806 succinctae,
709 3723 794 3786 inter
819 3723 912 3808 sigua
936 3727 1031 3805 atque
1045 3723 1173 3804 uexilla,
1192 3743 1284 3807 sagu-

132 3829 209 3894 latis
234 3831 406 3895 comitibus
431 3853 467 3895 ao
492 3830 625 3895 detectis
650 3828 908 3893 commilitonum
932 3830 1038 3893 1111111.

223 3937 329 4022 Magis
364 3930 476 4002 deinde
511 3959 547 4002 ac
584 3937 687 4023 magis
719 3936 807 4000 omni
838 3936 949 4000 diuino
979 3935 1184 4019 humanoque
1215 3935 1318 3999 iuret

206 4102 222 4149 2
241 4113 326 4165 super
342 4096 390 4150 GS
478 4095 654 4150 6111111111-
675 4095 709 4161 G,
728 4092 854 4147 111111111-
869 4095 926 4149 HR
1013 4098 1029 4146 8
1048 4092 1124 4146 iusas
1145 4094 1187 4153 M,
1207 4092 1284 4145 iussa

133 4175 235 4231 Pll²R
317 4176 445 4229 tribunus
461 4176 522 4241 Me,
541 4191 588 4228 -no
607 4175 632 4229 T
707 4179 740 4226 10
757 4174 883 4243 praemia
900 4175 976 4244 1119.
996 4173 1065 4243 (edd.
1083 4173 1196 4228 Mediol.
1211 4176 1285 4226 1475

133 4257 345 4326 Boaoa.1488)
450 4260 481 4307 11
502 4255 601 4326 aegiae
618 4257 664 4321 M,
687 4255 752 4308 inde
774 4253 851 4324 regie
870 4255 1000 4309 Pithoeus
1109 4257 1141 4305 15
1160 4252 1239 4306 uario
1254 4253 1288 4307 N

134 4338 284 4407 (Bentley),
307 4337 371 4402 fort.
386 4342 454 4391 recte
544 4340 576 4388 21
595 4335 836 4402 repraesentantes
855 4351 905 4388 om.
924 4334 950 4388 G
1045 4338 1078 4386 22
1099 4333 1159 4386 adit
1175 4332 1284 4398 ML¹P,

133 4416 207 4470 adiit
220 4418 267 4470 rel.
282 4423 308 4470 et
321 4418 355 4470 N
441 4421 476 4469 24
494 4416 534 4486 et]
554 4417 584 4469 at
598 4414 721 4480 Ernesti,
736 4416 779 4468 set
796 4415 828 4468 G.
844 4415 947 4469 Becker
1033 4418 1067 4467 ³0
1087 4412 1221 4467 clasicum
1242 4415 1284 4479 M,

135 4497 288 4551 scasiscum
310 4497 336 4551 G
