3166 5106
283 370 348 433 194
634 369 662 425 Ο.
683 368 839 424 SVETONI
858 369 1080 433 TRANQVILLI

281 532 413 596 deorum
441 532 595 617 insignia,
629 537 725 615 atque
754 531 850 596 etiam
876 531 1010 595 Veneris
1039 535 1127 597 cultu
1155 536 1345 615 conspectus
1375 538 1429 596 est.

281 638 509 722 triumphalem
533 639 661 721 quidem
692 640 840 702 ornatum
869 640 965 702 etiam
994 643 1066 702 ante
1095 638 1331 722 expeditionem
1355 639 1428 702 assi-

281 745 342 808 due
366 745 519 829 gestauit,
547 745 709 808 interdum
737 752 769 809 et
796 745 906 830 Magni
930 744 1103 809 Alexandri
1128 745 1292 810 thoracem
1315 746 1427 827 repeti-

281 856 350 916 tum
374 874 391 916 e
414 851 594 917 conditorio
620 853 696 916 cius,

227 956 303 1032 53,
370 959 422 1022 Ex
450 959 625 1042 disciplinis
654 959 841 1024 liberalibus
869 959 1038 1023 minimum
1066 959 1251 1042 eruditioni,
1282 960 1428 1043 eloquen-
1454 982 1465 1022 s

281 1067 344 1130 tiae
373 1065 548 1150 plurimum
581 1066 731 1149 attendit,
763 1065 970 1148 quantumuis
999 1066 1154 1130 facundus
1187 1070 1219 1129 et
1250 1071 1428 1150 promptus,

281 1175 392 1255 utique
422 1172 449 1236 si
479 1173 693 1256 perorandum
724 1173 758 1237 in
789 1172 927 1255 aliquem
958 1178 1048 1236 esset.
1095 1173 1176 1237 irato
1208 1177 1240 1236 et
1270 1173 1369 1236 uerba
1399 1179 1428 1236 ct

281 1280 458 1344 sententiae
481 1281 702 1365 suppetebant,
725 1281 946 1364 pronuntiatio
971 1302 1099 1362 qnoque
1122 1283 1154 1343 et
1172 1302 1245 1362 nox,
1268 1283 1306 1342 ut
1327 1302 1427 1362 neque

281 1387 392 1450 eodem
406 1386 469 1450 loci
483 1408 560 1470 prae
575 1387 688 1450 ardore
703 1387 892 1450 consisteret
907 1390 939 1449 et
949 1385 1152 1450 exaudiretur
1162 1409 1180 1448 a
1189 1387 1303 1469 procul
1317 1387 1426 1449 stanti-

245 1508 261 1555 a
280 1493 349 1556 bus.
386 1496 595 1576 peroraturus
611 1493 839 1556 stricturum
854 1515 892 1556 se
906 1492 1190 1556 lucubrationis
1206 1514 1296 1556 suae
1311 1493 1425 1556 telum
1442 1517 1465 1553 ro

280 1599 472 1682 minabatur,
481 1599 585 1663 lenius
597 1599 819 1683 comptiusque
834 1599 992 1663 scribendi
1003 1621 1102 1683 genus
1116 1599 1194 1664 adeo
1210 1603 1427 1681 contemnens,

282 1711 316 1770 ut
341 1705 493 1770 Senecam
522 1711 591 1770 turn
619 1706 757 1770 maxime
785 1707 963 1788 placentem
993 1705 1281 1771 commissiones
1307 1727 1426 1770 meras

281 1835 471 1897 componere
504 1818 535 1877 et
563 1813 740 1877 harenam
771 1825 854 1876 esse
887 1813 968 1877 sine
996 1814 1098 1877 calce
1129 1813 1257 1877 diceret,
1306 1813 1426 1877 solebat

280 1920 376 1985 etiarn
391 1922 551 2004 prosperis
571 1924 734 1983 oratorum
755 1920 936 1983 actionibus
951 1920 1124 1984 rescribere
1142 1924 1174 1983 et
1187 1941 1380 2004 magnorum
1395 1920 1427 1982 in

281 2032 393 2092 senatu
416 2049 542 2092 reorum
567 2019 785 2091 accusationes
805 2026 1067 2110 defensionesque
1090 2026 1236 2090 meditari
1261 2047 1307 2109 ac,
1331 2031 1426 2110 prout
1439 2047 1461 2086 15

280 2135 374 2198 stilus
399 2137 545 2215 cesserat,
567 2134 621 2197 uel
650 2155 781 2196 onerare
805 2135 963 2196 sententia
986 2155 1043 2197 sua
1066 2154 1223 2216 quemque
1248 2133 1299 2196 uel
1323 2133 1426 2196 suble-

284 2263 369 2324 uare,
388 2241 528 2324 equestri
548 2261 675 2323 quoque
691 2240 802 2304 ordine
821 2241 860 2303 ad
879 2240 1070 2304 audiendum
1090 2241 1226 2304 inuitato
1241 2262 1298 2322 per
1317 2240 1426 2304 edicta.

231 2342 278 2408 54
370 2346 487 2411 Sedet
511 2347 646 2410 aliorum
671 2367 823 2432 generum
847 2351 931 2410 artes
951 2347 1182 2411 studiosissime
1201 2351 1233 2410 et
1252 2346 1429 2410 diuersissi-

280 2476 347 2518 mas
365 2453 515 2517 exercuit.
553 2453 720 2535 Thra<e>x
740 2456 771 2516 et
790 2453 915 2539 auriga,
939 2453 1021 2517 idem
1042 2459 1153 2518 cautor
1172 2457 1267 2535 atque
1286 2454 1428 2536 saltator,

279 2560 448 2624 battuebat
479 2561 680 2642 pugnatoriis
713 2561 822 2644 armis,
855 2545 1023 2644 aurigabat
1052 2564 1197 2624 extructo
1227 2560 1427 2642 plurifariam
1441 2579 1463 2618 ro

280 2669 381 2750 ciroo3
413 2667 546 2730 canendi
579 2689 615 2730 ac
648 2666 785 2730 saltandi
818 2669 986 2751 uoluptate
1016 2669 1061 2732 ita
1094 2668 1296 2750 efferebatur,
1325 2672 1362 2731 ut
1389 2689 1428 2731 ne

280 2772 418 2856 publicis
442 2773 569 2854 quidem
595 2773 784 2856 spectaculis
804 2779 996 2857 temperaret
1015 2797 1079 2858 quo
1099 2775 1204 2839 minus
1223 2779 1254 2838 et
1274 2773 1427 2860 tragoedo

279 2880 505 2964 pronuntianti
535 2881 714 2944 concineret
746 2886 779 2943 et
809 2887 934 2965 gestum
969 2881 1135 2945 histrionis
1170 2881 1260 2964 qnasi
1294 2881 1426 2944 laudans

245 2987 332 3051 auel
357 2987 520 3072 corrigens
543 2988 650 3070 palam
674 2987 851 3070 effingeret.
892 3009 951 3051 nec
974 2989 1037 3052 alia
1061 2990 1098 3052 de
1123 3010 1216 3052 causa
1239 2989 1367 3052 uidetur
1389 3011 1425 3051 eo

281 3095 344 3177 die,
377 3116 440 3177 quo
474 3093 584 3178 periit,
614 3093 821 3178 peruigilium
857 3094 1009 3158 indixisse
1044 3117 1139 3178 quam
1168 3098 1206 3157 ut
1235 3095 1364 3159 initium
1392 3095 1425 3156 in
1438 3111 1460 3150 2⁵

281 3222 426 3265 scaenam
458 3199 636 3283 prodeundi
670 3201 801 3263 licentia
830 3202 983 3284 temporis
1015 3202 1241 3284 auspicaretur.
1290 3202 1424 3264 saltabat

280 3313 386 3371 autern
409 3328 651 3388 nonnumquam
675 3307 771 3370 etiam
795 3312 907 3392 noctu3
930 3312 962 3371 et
980 3309 1141 3390 quondam
1160 3312 1224 3372 tres
1245 3310 1424 3372 consulares

281 3414 418 3478 secunda
450 3413 563 3497 uigilia
600 3415 634 3476 in
666 3412 825 3477 Palatium
864 3416 982 3478 accitos
1019 3415 1182 3497 multaque
1219 3419 1251 3478 et
1288 3418 1425 3478 extrema

280 3519 452 3584 metuentis
481 3541 578 3602 super
604 3520 766 3602 pulpitum
796 3521 990 3603 conlocauit,
1018 3522 1130 3585 deinde
1156 3527 1287 3605 repente
1310 3542 1423 3607 magno

280 3627 432 3690 tibiarum
462 3630 493 3690 et
522 3626 733 3688 scabellorum
767 3627 889 3709 crepitu
920 3650 991 3692 curn
1020 3629 1105 3710 palla
1134 3610 1306 3710 tunicaque
1333 3626 1422 3692 talari
1437 3643 1459 3684 ³⁰

280 3789 447 3797 ——.—

353 3889 366 3935 1
393 3882 483 3936 Victor
503 3882 577 3935 Caes.
594 3885 663 3946 3,11
683 3899 709 3934 a.
730 3883 767 3935 ad
782 3888 918 3949 p.190,8

353 4103 366 4149 1
387 4096 503 4150 deorum
517 4093 641 4163 insignia
656 4096 705 4148 del.
723 4096 847 4165 Bentley,
862 4097 891 4148 in
907 4097 1021 4149 deorum
1040 4096 1130 4166 figura
1141 4097 1167 4150 G
1228 4103 1243 4149 4
1263 4097 1324 4150 eius
1338 4114 1386 4152 om.
1399 4095 1422 4148 G

281 4177 372 4229 9looo
389 4176 444 4229 GT
488 4179 519 4226 12
535 4191 597 4226 cum
612 4175 733 4228 maxime
749 4177 863 4245 Bentley
911 4182 943 4228 13
958 4177 1280 4244 componeredel.Torr.
1330 4182 1361 4229 16
1376 4175 1422 4230 sti·

280 4256 324 4308 lus
343 4274 393 4309 om.
410 4256 436 4309 G
494 4271 592 4308 ornare
609 4256 634 4308 G
695 4261 727 4307 18
748 4255 867 4308 aliarum
883 4257 1011 4326 ML¹Pq
1071 4263 1102 4310 19
1122 4257 1276 4311 edocuitG
1336 4256 1423 4309 Threx

284 4338 360 4390 Torr.
416 4341 448 4388 26
469 4350 599 4388 scaenam
614 4338 691 4402 (sce)
705 4336 776 4400 TGl,
795 4353 845 4390 -na
859 4339 961 4406 cellit)
1018 4343 1051 4390 29
1072 4337 1172 4392 deinde
1188 4339 1275 4402 Mne,
1295 4337 1360 4391 dein
1378 4336 1420 4388 rel.
1515 4378 1519 4387 .
1558 4385 1559 4392 ,

280 4423 305 4470 et
315 4417 352 4480 N,
367 4417 429 4482 fort.
444 4416 551 4481 rectior,
566 4422 595 4468 ot
610 4417 643 4481 cf.
655 4418 811 4488 dapem
826 4418 862 4486 (c.
874 4419 967 4471 Herm.
979 4422 1016 4469 36
1026 4436 1054 4485 p.
1067 4420 1129 4486 303)
1191 4422 1225 4470 30
1244 4417 1420 4470 scabillorum

280 4497 357 4550 arob·
374 4492 499 4548 suadent
562 4494 700 4562 pallatum
719 4496 858 4563 utiqueG
