3166 5106
278 328 341 393 182
628 328 655 381 c.
676 327 833 382 svarom
852 327 1075 392 annuorum

222 492 266 557 32
364 491 518 556 Animum
544 513 672 574 quoque
695 491 872 555 remittenti
899 491 1040 573 ludoque
1064 496 1096 555 et
1119 492 1223 575 epulis
1246 492 1354 556 dedito
1379 516 1425 555 ea-

274 601 346 663 dem
376 599 535 663 factorum
571 599 794 680 dictorumque
826 599 961 662 saeuitia
995 598 1112 662 aderat.
1154 621 1256 683 „saepe
1290 599 1325 662 in
1354 620 1424 662 con-

273 709 385 788 spectu
409 705 595 788 prandentis
624 705 677 769 uel
706 705 893 768 comisantis
923 705 1024 768 seriae
1053 707 1257 788 quaestiones
1285 728 1342 788 per
1363 709 1424 768 tor-

273 815 380 876 menta
410 810 624 894 habebantur,
653 813 745 876 miles
773 810 952 875 decollandi
981 810 1097 875 artifex
1125 812 1382 895 quibuscumque
1409 836 1424 874 e

272 918 419 982 custodia
442 919 548 1001 capita
571 919 766 1002 amputabat.
808 917 952 982 Puteolis
972 918 1170 982 dedicatione
1189 920 1308 1002 pontis,
1331 940 1424 1001 quem
1449 945 1458 983 a

273 1026 492 1109 excogitatum
517 1026 556 1088 ab
581 1047 618 1088 eo
643 1023 896 1109 significauimus
915 1026 1087 1108 <cop.19>,
1113 1047 1186 1089 oum
1210 1027 1366 1089 multose
1389 1025 1423 1087 li-

271 1136 341 1195 tore
369 1132 538 1196 inuitasset
561 1132 601 1195 ad
629 1153 676 1214 se,
708 1135 838 1214 repente
867 1133 972 1194 omnis
1000 1131 1240 1215 praecipitauit,
1268 1131 1424 1214 quosdam

271 1239 489 1325 gubernacula
513 1238 786 1321 apprehendentes
810 1239 912 1301 contis
936 1239 1098 1321 remisque
1121 1239 1259 1303 detrusit
1277 1240 1309 1303 in
1330 1261 1424 1303 mare.

237 1344 394 1410 aRomae
423 1345 554 1428 publico
583 1345 678 1428 epulo
707 1366 835 1408 seruum
860 1344 900 1408 ob
928 1345 1102 1409 detractam
1126 1345 1218 1409 lectis
1242 1351 1423 1431 argenteam

272 1453 425 1516 laminam
454 1451 595 1516 carnifici
623 1451 793 1515 confestim
816 1451 964 1534 tradidit,
988 1457 1025 1516 ut
1048 1453 1198 1516 manibus
1222 1454 1355 1517 abscisis
1380 1459 1423 1518 at·
1439 1479 1459 1515 ιο

273 1580 334 1641 que
363 1549 437 1622 a1ite
465 1562 576 1640 pectus
600 1580 617 1621 e
642 1558 724 1622 eollo
752 1558 982 1643 pendentibus,
1010 1560 1220 1642 praecedente
1247 1560 1345 1624 titulo
1370 1561 1423 1643 qui
1534 1568 1535 1634 t

273 1686 402 1729 oausam
425 1686 547 1749 poenae
574 1664 738 1748 indicaret,
766 1687 823 1748 per
852 1669 961 1728 coetus
985 1665 1187 1748 epulantium
1211 1666 1423 1741 circumduce·
1535 1686 1536 1724 2

272 1775 369 1836 retur.
420 1772 658 1836 murmillonem
688 1794 704 1834 e
736 1771 812 1834 ludo
845 1772 979 1835 rudibus
1018 1793 1126 1836 secum
1159 1772 1360 1837 battuentem
1393 1779 1422 1837 et
1536 1804 1537 1870 q

273 1882 388 1962 sponte
411 1882 608 1961 prostratum
633 1879 777 1943 confodit
800 1879 902 1942 ferrea
922 1879 987 1942 sica
1006 1900 1043 1942 ao
1061 1901 1150 1943 more
1170 1881 1331 1944 uictorum
1351 1903 1421 1945 curn
1537 1921 1538 1960 q

237 1987 378 2069 spalma
408 1970 607 2050 discucurrit.
654 1985 782 2048 admota
811 1985 964 2049 altaribus
993 1987 1126 2049 uictima
1156 1988 1339 2053 succinctus
1367 2011 1421 2071 po·
1438 2011 1457 2049 n
1538 2040 1539 2050 ,

271 2115 384 2176 parum
409 2092 523 2157 habitu
546 2093 630 2156 elato
655 2095 718 2155 alte
742 2094 856 2157 malleo
877 2093 1063 2155 cultrarium
1082 2095 1245 2157 mactauit.
1287 2094 1421 2160 lautiore

272 2200 423 2264 conuiuio
439 2199 559 2262 effusus
576 2199 682 2264 subito
699 2201 733 2263 in
748 2198 920 2264 cachinnos
937 2199 1132 2281 consulibus,
1152 2200 1208 2282 qui
1226 2201 1315 2264 iuxta
1330 2203 1420 2265 cuba-

271 2307 359 2390 bant,
380 2307 532 2389 quidnam
552 2306 671 2369 rideret
688 2304 805 2369 blande
825 2305 1065 2387 quaerentibus:
1090 2306 1194 2390 quid,
1214 2307 1329 2392 inquit,
1348 2310 1420 2371 nisi

271 2434 345 2476 uno
361 2436 441 2478 meo
456 2417 551 2477 nutu
566 2413 737 2498 iugulari
752 2417 954 2494 utrumque
968 2417 1137 2476 uestrum
1149 2414 1420 2497 statimposse?

219 2519 263 2585 33
275 2520 357 2582 inter
371 2521 478 2585 uarios
493 2521 590 2602 iocos,
606 2541 677 2583 oum
692 2520 843 2583 assistens
859 2519 1029 2582 simulacro
1044 2518 1130 2584 Iouis
1146 2519 1284 2602 Apellen
1298 2526 1419 2605 tragos·
1435 2546 1457 2583 ρ)
1542 2513 1543 2544 ¹

272 2625 347 2689 dum
363 2627 578 2691 consuluisset
596 2631 669 2690 uter
682 2626 730 2689 illi
752 2626 854 2690 maior
872 2627 1044 2709 uideretur,
1063 2631 1266 2691 cunctantem
1283 2628 1419 2712 'flagellis

271 2732 402 2796 discidit
426 2733 621 2797 conlaudans
646 2732 779 2796 subinde
799 2755 911 2797 uocem
936 2732 1136 2815 deprecantis
1156 2734 1248 2815 quasi
1272 2736 1369 2798 etiam
1388 2735 1419 2796 in

272 2838 394 2923 gemitu
412 2841 623 2923 praedulcem.
666 2841 814 2922 quotiens
834 2840 944 2904 uxoris
963 2841 1016 2903 uel
1038 2838 1192 2902 amiculae
1211 2841 1331 2904 collum
1351 2863 1420 2905 exo-

272 2946 456 3026 scularetur,
477 2946 625 3009 addebat:
650 2950 724 3008 tam
739 2945 837 3008 bona
852 2946 980 3008 ceruix
1001 2945 1174 3010 simulac
1195 2946 1342 3011 iussero
1364 2947 1421 3010 de-

214 3041 246 3135 sr'
271 3058 401 3117 metur.
445 3055 523 3135 quin
538 3057 570 3116 et
589 3052 723 3117 subinde
743 3051 882 3115 iactabat
901 3052 1183 3134 exquisiturum
1203 3075 1240 3117 se
1257 3054 1319 3118 uel
1333 3055 1420 3117 fidi·
1436 3077 1457 3115 a

159 3131 169 3231 l
273 3162 371 3224 culis
397 3161 440 3223 de
466 3159 653 3223 Caesonia
677 3181 755 3240 sua,
779 3181 844 3221 cur
864 3181 941 3222 eam
965 3163 1073 3222 tanto
1094 3181 1207 3243 opere
1231 3159 1420 3245 diligeret.

139 3236 171 3343 t.
191 3239 199 3267 i
219 3267 264 3332 34
362 3267 430 3330 Nec
454 3268 576 3330 minore
595 3265 698 3330 liuore
717 3287 753 3328 ac
771 3264 972 3350 malignitate
992 3287 1087 3347 quam
1107 3267 1256 3349 snperbia
1275 3267 1423 3331 saeuitia-

149 3318 194 3418 ΚΧ
271 3397 332 3456 que
365 3396 465 3457 paene
498 3373 650 3436 aduersus
685 3372 788 3436 omnis
822 3373 892 3435 aeui
924 3372 1091 3435 hominum
1125 3395 1226 3458 genus
1259 3379 1422 3459 grassatus

172 3447 177 3475 r
272 3485 326 3544 est.
374 3485 494 3544 statuas
525 3473 669 3544 uirorum
699 3479 884 3543 inlustrium
915 3480 954 3543 ab
985 3477 1134 3564 Augusto
1168 3503 1207 3544 ex
1238 3479 1422 3564 Capitolina

344 3670 376 3716 27
393 3665 509 3732 Eutrop.
527 3665 588 3718 VII
598 3668 669 3730 12‚4
688 3665 721 3729 cf.
739 3665 816 3731 Epe't.
829 3669 913 3729 11,1c
927 3663 956 3715 in
972 3680 1053 3716 omne
1068 3663 1212 3718 hominum
1226 3681 1324 3734 genus,
1335 3664 1421 3717 etiam

271 3744 299 3796 in
320 3760 392 3810 suos,
412 3743 534 3797 ferarum
553 3761 628 3797 more
648 3744 830 3812 grassabatur
849 3745 1063 3812 (coarctantur

342 3912 359 3957 4
379 3906 450 3976 <et>
465 3905 545 3957 miles
561 3905 705 3968 Ruhnken,
721 3905 809 3957 Polat·
900 3909 914 3954 7
934 3904 1061 3973 repente]
1081 3908 1165 3972 ponte
1182 3905 1246 3975 HQ,
1270 3907 1386 3972 repente
1406 3921 1419 3956 o

273 3988 358 4052 ponte
379 3986 496 4040 Ccrsaub.
549 3985 699 4037 8retrusit
719 3984 835 4052 Bentley
854 3986 920 4052 (cod.
940 3985 1025 4052 Torr.)
1078 3984 1180 4037 9lecto
1200 3985 1233 4037 N
1282 3989 1315 4036 10
1334 3983 1422 4037 tradit

273 4067 383 4120 MLPS
465 4070 497 4116 13
518 4066 544 4134 e]
563 4065 593 4116 in
613 4066 728 4132 Lipsius
813 4069 845 4115 15
864 4080 1029 4132 pomparum
1050 4065 1203 4119 narn&
1286 4070 1317 4117 lt
1339 4064 1420 4118 cuba·

272 4143 352 4214 bant]
368 4148 402 4211 cs.
411 4163 439 4213 p.
453 4151 514 4210 176,
525 4151 561 4198 1o¹
618 4151 650 4196 18
666 4145 801 4212 quidnam
816 4161 898 4212 osque
909 4144 1108 4210 quaerentibus
1119 4161 1168 4196 om.
1182 4145 1207 4198 G
1262 4149 1296 4196 20
1312 4143 1420 4212 apellen

272 4229 351 4292 (app-
361 4227 386 4292 ὃ)
394 4227 451 4290 Ηδ,
463 4225 607 4293 appellent
614 4227 656 4286 M,
668 4224 806 4293 appellem
818 4227 846 4292 (p
857 4225 971 4291 simplex
981 4226 1011 4276 tn
1021 4225 1054 4290 S)
1062 4226 1106 4276 rel.
1163 4230 1194 4276 21
1208 4223 1424 4276 consuluisset!

274 4309 307 4355 24
330 4305 487 4358 demetetur
508 4306 654 4358 Retnesius·
678 4305 834 4372 (Graecias)
913 4309 946 4356 28
966 4305 1055 4356 omnis
1082 4304 1145 4357 aeui
1169 4303 1315 4357 hominum
1334 4319 1421 4373 genus

274 4389 372 4454 (genus
388 4402 438 4438 oni.
455 4385 514 4453 ΡΩ)
530 4385 733 4454 MGI„tP¹?)Q,
755 4401 836 4437 omne
850 4401 939 4452 genus
954 4383 1098 4436 hominum
1115 4383 1218 4448 ΡἯΗ,
1238 4399 1318 4437 omne
1334 4382 1420 4448 homi·

272 4483 338 4517 num
358 4480 445 4532 genus
461 4465 508 4519 ST
508 4466 545 4529 N,
566 4480 646 4516 omne
666 4472 729 4518 ante
749 4465 839 4517 omnis
859 4465 922 4517 aad.
940 4464 1075 4518 Graecias
1095 4464 1213 4532 Madvig
