3098 5110
486 352 597 408 1>st
615 353 734 408 IVLIVS
753 365 818 416 [car.
835 365 922 415 rs-an
1238 347 1280 415 13

130 521 256 599 praeter
274 517 376 581 socias
400 537 437 580 ac
459 516 540 581 bene
560 519 690 582 meritas
714 517 861 582 ciuitates
885 518 919 581 in
938 516 1123 601 prouinciae
1142 515 1279 580 formam

129 622 261 708 redegit,
281 624 374 708 eique
393 613 469 695 {iil
491 623 527 687 in
540 624 685 708 singulos
700 644 801 688 annos
817 623 969 708 stipendii
982 625 1113 688 nomine
1128 623 1280 706 inposuit.

131 729 324 814 Germanos,
352 733 407 814 qui
436 735 524 795 bans
548 729 697 794 Rhenum
726 731 885 813 incolunt,
912 730 1036 815 primus
1059 729 1315 794 Romanoruma

129 841 230 922 ponte
252 837 408 902 fabricato
433 838 603 922 adgressus
625 837 773 902 maximis
792 837 911 901 adfecit
930 836 1088 922 cladibus3
1111 837 1280 921 adgressus

103 949 181 1008 sest
200 947 231 1007 et
245 943 418 1008 Britannos
437 945 566 1030 ignotos
585 947 679 1008 antea
697 944 919 1029 superatisque
935 943 1088 1026 pecunias
1102 945 1134 1006 et
1154 941 1281 1007 obsides

129 1051 316 1135 imperauit3
339 1072 397 1134 per
416 1054 465 1114 tot
489 1071 654 1116 successus
677 1055 726 1114 ter
747 1071 807 1116 uec
825 1048 964 1132 amplius
982 1049 1152 1114 aduersum
1172 1033 1282 1116 casum

131 1162 295 1242 expertus:
324 1156 357 1220 in
380 1157 549 1222 Britannia
572 1157 672 1222 classe
695 1157 727 1220 ui
756 1157 957 1240 tempestatis
985 1177 1085 1240 prope
1112 1155 1283 1238 absumpta

130 1268 163 1328 et
194 1264 228 1326 in
253 1261 356 1326 Gallia
385 1262 425 1327 ad
454 1261 646 1348 Gergouiam
674 1263 802 1348 legione
829 1261 901 1327 fusa
928 1266 960 1326 et
989 1263 1021 1326 in
1050 1259 1281 1326 Germanorum

130 1368 251 1434 finibus
274 1367 400 1435 Titurio
424 1372 456 1432 et
480 1367 699 1434 Aurunculeio
721 1368 838 1454 legatis
861 1391 918 1454 per
942 1369 1074 1434 insidias
1098 1370 1206 1434 caesis.

93 1499 117 1536 ιο
220 1475 345 1542 Eodem
368 1475 523 1560 temporis
543 1477 648 1560 spatio
667 1479 801 1541 matrem
821 1477 936 1560 primo,
960 1476 1073 1540 deinde
1091 1476 1201 1558 filiam,
1224 1471 1336 1538 nec2b

131 1584 237 1648 multo
252 1586 327 1666 post
340 1587 490 1666 nepotem
505 1583 622 1646 amisit.
654 1583 738 1646 inter
751 1605 842 1667 qnae,
861 1585 1064 1648 consternata
1078 1581 1174 1646 Publi
1190 1580 1284 1645 Clodi

131 1689 228 1754 caede
251 1712 285 1753 re
308 1689 451 1773 publica,
475 1710 547 1752 curn
572 1693 700 1753 senatus
719 1711 820 1753 unum
840 1689 1004 1754 consulem
1027 1688 1284 1772 nominatimque

24 1865 26 1868 ,
133 1795 276 1861 Gnaeum
305 1794 495 1880 Pompeium
519 1796 590 1860 fieri
615 1797 800 1879 censuisset,
823 1798 890 1882 egit
918 1818 991 1860 curn
1018 1796 1157 1861 tribunis
1179 1795 1283 1879 plebis

133 1903 291 1987 collegam
316 1924 350 1967 se
368 1901 523 1987 Pompeio
544 1902 788 1986 destinantibus,
810 1903 844 1967 id
861 1903 970 1987 potius
989 1902 1029 1965 ad
1048 1901 1204 1985 populum
1223 1901 1284 1965 fer-

96 2029 120 2068 a
132 2013 214 2092 rent,
224 2013 262 2074 ut
275 2007 401 2074 absenti
415 2009 487 2092 sibi,
502 2008 693 2093 quandoque
705 2008 832 2092 imperii
846 2013 972 2092 tempus
985 2010 1106 2092 expleri
1119 2009 1283 2090 coepisset,

133 2117 250 2201 petitio
275 2114 406 2180 secundi
434 2117 619 2180 consulatus
644 2116 785 2198 daretur,
814 2137 855 2178 ne
878 2137 915 2178 ea
946 2137 1041 2180 causa
1070 2115 1228 2180 maturius
1252 2118 1284 2178 et

133 2223 311 2306 inperfecto
332 2221 437 2286 adhuc
455 2221 539 2285 bello
559 2221 732 2286 decederet.
770 2223 856 2306 quod
874 2225 911 2285 ut
929 2221 1064 2305 adeptus
1084 2225 1145 2304 est,
1169 2221 1319 2284 altioraa

134 2330 198 2394 iam
213 2327 373 2394 meditans
388 2327 468 2412 [s]et
482 2328 549 2412 spei
564 2327 678 2411 plenus
693 2327 819 2392 nullum
835 2327 1018 2413 largitionis
1032 2332 1090 2392 aut
1103 2328 1284 2392 officiorum

134 2437 168 2500 in
187 2456 382 2520 quemquam
401 2457 503 2521 genus
518 2433 646 2518 publice
660 2435 878 2518 priuatimque
892 2433 1011 2500 omisit.
1045 2437 1152 2499 forum
1167 2434 1206 2497 de
1220 2457 1284 2498 ma-

97 2561 121 2601 so
135 2543 245 2628 nubiis
268 2541 447 2623 incohauit,
470 2541 560 2605 cuius
584 2563 657 2605 area
680 2563 777 2625 super
798 2541 982 2606 sestertium
1001 2541 1106 2606 milies
1129 2540 1285 2606 constitit.

135 2671 254 2714 munus
282 2632 403 2733 populo
428 2649 628 2741 ⁴epulumque
657 2648 882 2732 pronuntiauit
913 2649 946 2711 in
973 2635 1068 2712 filiae¹
1088 2649 1286 2730 memoriam,

136 2756 224 2840 quod
251 2759 325 2820 ante
353 2777 426 2820 eum
454 2777 558 2820 nemo.
596 2776 733 2837 quorum
757 2759 793 2818 ut
823 2777 918 2838 quam
942 2755 1083 2819 maxima
1107 2754 1285 2839 expectatio

208 2955 224 3003 2
244 2949 363 3017 Eutrop.
385 2949 429 3002 VI
438 2952 483 3014 17,
498 2952 515 3002 3
539 2946 650 3001 Galliae
670 2989 721 3002 ...
740 2947 841 3002 tributi
859 2948 972 3002 nomine
992 2964 1116 3002 annuum
1134 2947 1286 3016 imperauit

137 3027 502 3098 sestertium-(stipendium
516 3027 657 3094 Duacker,
676 3027 849 3096 stipendium
868 3030 933 3082 sest.
949 3028 1035 3098 Rati>
1054 3025 1286 3097 quadringenties

137 3109 341 3180 (ἐπέθηκε...
361 3106 453 3177 φόρον
471 3108 624 3176 Paconius)
697 3113 713 3158 3
732 3108 799 3162 ibid.
824 3106 1033 3177 Germanosque
1055 3110 1134 3161 trans
1157 3107 1287 3160 Rhenum

138 3191 289 3259 adgressus
308 3187 519 3242 immanissimis
534 3186 650 3257 proeliis
668 3185 747 3241 uicit.
821 3193 838 3241 4
857 3189 922 3242 ibid.
938 3187 1082 3242 Britannis
1097 3204 1161 3241 mox
1180 3185 1287 3240 bellum

137 3269 244 3338 intulit,
258 3268 362 3338 quibus
383 3270 449 3322 ante
468 3283 533 3322 eum
551 3283 587 3322 nc
605 3283 706 3320 nomen
721 3267 836 3336 quidem
849 3267 1038 3322 Romanorum
1053 3267 1197 3336 cognitum
1217 3267 1285 3320 erat.

139 3366 241 3417 eosque
267 3351 325 3417 (eos
351 3364 463 3416 quoque
489 3355 514 3402 ct
539 3349 567 3401 et
592 3363 639 3401 eos
666 3363 777 3415 quoque
800 3349 836 3402 al.
856 3349 943 3416 codd.)
966 3348 1057 3401 uictos
1077 3346 1222 3401 obsidibus
1242 3363 1287 3400 ac-

139 3431 228 3499 ceptis
243 3427 444 3499 stipendiarios
458 3427 534 3481 fecit.
609 3432 624 3479 6
643 3427 710 3481 ibid.
729 3427 804 3480 inter
817 3429 860 3480 tot
875 3444 1018 3481 successus
1032 3429 1076 3480 ter
1089 3426 1164 3480 male
1177 3441 1288 3496 pugna-

138 3511 190 3577 uit,
214 3509 291 3579 apud
314 3509 454 3562 Aruernos
479 3507 565 3562 semel
586 3522 720 3576 praesens
744 3509 772 3560 et
792 3507 893 3560 absens
913 3508 942 3561 in
961 3507 1113 3562 Germania
1132 3506 1183 3560 bis.
1221 3521 1288 3560 nam

139 3590 228 3659 legati
246 3589 307 3643 eius
332 3587 401 3656 duo,
427 3587 551 3642 Titurius
571 3589 600 3641 et
617 3586 836 3652 Aurunculeius,
864 3602 914 3654 per
932 3587 1051 3640 insidias
1075 3586 1151 3640 caesi
1169 3588 1241 3640 sunt.

141 3675 173 3723 13
197 3670 234 3724 id.
256 3670 296 3724 Vl
310 3672 388 3734 19,2
410 3667 521 3720 rediens
546 3683 580 3720 ex
599 3666 694 3720 Gallia
711 3667 802 3720 uictor
826 3667 918 3736 coepit
945 3683 1061 3736 poscere
1083 3667 1204 3720 alterum
1223 3683 1288 3720 cou-

140 3749 263 3803 sulatum
282 3752 368 3815 atque
386 3746 429 3801 ita
442 3749 475 3800 ut
493 3747 553 3800 sine
568 3747 713 3801 dubietate
729 3746 825 3814 aliqua
840 3746 866 3798 ei
885 3746 1048 3801 deferretur.
1082 3746 1289 3800 contradictum

141 3831 184 3884 est
202 3846 219 3882 a
237 3827 371 3882 Marcello
391 3827 505 3880 consule
523 3828 569 3896 (cs.
588 3844 647 3895 cop.
662 3829 718 3896 28).
759 3827 833 3881 Oros.
856 3828 980 3893 V115,1

140 3939 354 3949 ----————

213 4003 227 4050 1
251 3997 342 4052 socias
361 3996 482 4062 X'le,
510 3996 600 4050 socios
620 3997 658 4049 M
662 3995 736 4050 GT&
808 4001 822 4047 2
847 4013 989 4050 numnam
1011 3997 1086 4050 solas
1110 3996 1234 4050 seruauit
1258 3996 1289 4061 V,

141 4095 242 4132 reseca
260 4083 278 4132 6
295 4079 352 4145 fere
371 4078 524 4132 litterarum
542 4079 574 4130 iu
589 4077 627 4130 M
643 4075 884 4145 (quadringenties
903 4077 1042 4144 Eutropii,
1062 4076 1144 4144 eique
1163 4075 1193 4128 in
1211 4075 1287 4130 codd.

141 4159 188 4211 rel.
203 4159 305 4212 lacuna
322 4175 380 4211 acre
393 4158 519 4211 indicato
539 4157 582 4224 (cf.
597 4157 691 4211 Herm.
707 4159 743 4208 40
757 4173 787 4224 p.
804 4158 868 4225 187)
940 4155 1055 4210 nomina
1069 4160 1098 4208 X
1100 4158 1130 4222 d,
1148 4171 1249 4209 nomen
1268 4158 1292 4208 Τ

144 4239 272 4292 canae
336 4237 633 4309 fiper]interEatrop.
700 4238 768 4288 ”lest
777 4243 841 4304 post
855 4237 985 4304 expertus
1000 4253 1034 4290 sa.
1047 4235 1095 4290 Μ’
1159 4236 1290 4289 llinter·

143 4317 308 4386 imqueHR
372 4323 406 4371 15
421 4317 655 4385 quandocumque
665 4314 713 4381 Ρ,
733 4317 761 4368 et
771 4316 884 4384 quando
895 4318 936 4381 H,
955 4315 1121 4384 quandon
1191 4320 1223 4368 16
1238 4329 1290 4368 nec
1385 4336 1391 4350 ·

144 4413 177 4450 ea
190 4399 327 4452 maturius
342 4397 466 4452 causaG
534 4403 566 4450 17
581 4399 614 4449 ut
628 4413 678 4450 om.
691 4395 717 4448 θ
786 4400 818 4449 18
838 4397 867 4448 et
883 4395 947 4464 Qqs
961 4397 1064 4464 aliique
1077 4412 1102 4462 ς,
1122 4396 1172 4450 sed
1185 4395 1231 4449 rel.
1243 4395 1289 4464 (a)

145 4483 177 4530 22
196 4479 319 4532 maxima
335 4479 397 4544 Ge,
416 4477 537 4532 maxime
553 4481 591 4549 (e
605 4479 642 4545 L)
660 4477 707 4531 rel.
723 4477 780 4544 (a),
803 4477 868 4529 inde
887 4492 950 4528 cum
964 4475 1087 4528 maxime
1101 4475 1219 4544 Bentley
