3108 5102
439 393 549 448 DIVVS
567 393 816 448 VESPASIANVS
840 405 906 455 [car.
922 407 997 456 e-14]
1225 396 1289 460 317

229 555 418 622 Amicorum
445 557 642 639 libertatem,
673 557 907 623 causidicorum
936 559 1056 644 figuras
1084 580 1122 624 ac
1148 559 1343 644 philon-13

139 663 279 748 phorum
311 664 547 728 contumaciam
579 663 742 728 lenissime
779 663 864 728 tulit.
914 663 1076 728 Licinium
1103 663 1290 729 Mucianum

139 774 236 835 notae
259 770 489 854 impudicitiae,
513 770 568 833 sed
591 771 780 835 meritorum
804 771 923 834 fiducia
946 771 1054 834 minus
1077 771 1127 835 sui
1146 793 1291 835 reueren-

140 881 215 960 tem,
242 899 418 960 numquam
448 876 512 940 nisi
540 875 623 941 clam
651 880 683 940 et
709 876 866 954 hactenus
889 881 1037 941 retaxare
1060 878 1227 961 sustinuit,
1254 882 1291 944 ut

112 984 226 1068 capud
261 1005 464 1049 communem
499 984 639 1067 aliquem
669 984 808 1048 amicum
839 1005 977 1066 querens
1008 985 1138 1048 adderet
1167 984 1291 1050 clausu·

139 1091 217 1154 lam:
242 1112 311 1176 ego
335 1093 460 1153 tamen
481 1090 541 1153 uir
559 1111 648 1156 sum.
694 1087 842 1154 Saluium
856 1089 1038 1155 Liberalem
1057 1092 1091 1154 in
1105 1090 1289 1156 defensione

139 1197 251 1260 diuitis
278 1198 326 1261 rei
354 1219 466 1260 ausum
496 1196 613 1260 dicere:
642 1195 732 1278 quid
760 1196 805 1259 ad
829 1194 1041 1280 Caesarem,
1069 1198 1101 1262 si
1126 1197 1290 1282 Hippar-

140 1305 232 1368 chus
257 1302 480 1368 sestertium
503 1301 631 1386 milies
654 1302 797 1368 habet?
825 1307 857 1367 et
885 1304 955 1388 ipse
977 1304 1129 1368 laudauit.
1176 1304 1289 1368 Deme-

138 1412 238 1476 trium
263 1409 419 1494 (lynicum
448 1409 484 1473 in
510 1410 624 1473 itinere
649 1409 781 1473 obuium
807 1410 869 1474 sibi
892 1415 967 1493 post
991 1411 1229 1476 damnationem
1252 1433 1290 1476 ac

98 1547 125 1586 10
138 1540 244 1601 neque
273 1538 439 1602 assurgere
467 1536 574 1598 neque
606 1516 744 1579 salutare
777 1538 811 1580 se
841 1517 1043 1602 dignantem,
1075 1519 1288 1583 oblatrantem

139 1624 237 1688 etiam
259 1624 366 1687 nescio
392 1622 480 1705 quid,
504 1623 582 1686 satis
605 1622 719 1685 habuit
743 1643 874 1688 canem
898 1625 1069 1708 appellare.

229 1728 429 1794 Offensarum
458 1729 763 1812 inimicitiarumque
792 1730 925 1794 minime
949 1754 1073 1796 memor
1096 1731 1340 1799 executoruell

139 1836 293 1921 Vitellili]
322 1835 426 1900 hostis
455 1836 505 1899 sui
533 1836 633 1901 filiam
667 1836 925 1919 splendidissime
957 1839 1132 1923 maritauit,
1165 1840 1290 1904 dotauit

138 1946 236 2008 etiam
260 1947 293 2007 et
314 1942 476 2007 instruxit.
513 1942 674 2026 trepidum
699 1965 772 2006 eum
797 1943 967 2009 interdicta
991 1945 1064 2009 aula
1087 1946 1145 2009 sub
1160 1945 1289 2011 Nerone

98 2078 123 2119 15
140 2054 423 2134 quaerentemque,
457 2049 609 2131 quidnam
639 2053 749 2134 ageret
776 2054 834 2113 aut
861 2073 924 2134 quo
949 2051 1066 2136 abiret,
1095 2052 1226 2134 quidam
1250 2074 1288 2116 ex

139 2158 246 2222 officio
275 2156 478 2220 admissionis
507 2157 604 2219 simul
633 2157 795 2239 expellens
825 2157 932 2222 abire
956 2157 1196 2222 Morbouiam
1225 2159 1288 2223 ius-

139 2268 232 2328 serat.
278 2265 312 2327 in
334 2261 421 2326 hune
448 2267 561 2346 postea
589 2262 812 2346 deprecantem
840 2286 906 2328 non
934 2264 1020 2328 ultra
1048 2265 1148 2329 uerba
1176 2287 1288 2330 excan-

138 2370 217 2453 duit,
237 2373 268 2433 et
288 2369 416 2452 quidem
436 2369 572 2433 totidem
592 2371 659 2433 fere
678 2373 775 2452 atque
795 2370 913 2434 eadem.
956 2394 1029 2436 nam
1049 2376 1088 2436 ut
1106 2373 1287 2456 suspicione

138 2476 248 2559 aliqua
276 2476 329 2540 uel
356 2481 445 2539 metu
473 2476 513 2538 ad
536 2476 711 2560 perniciem
734 2477 925 2560 cuiusquam
950 2480 1197 2562 compelleretur
1220 2483 1288 2542 tan·
1329 2538 1331 2542 ,

96 2613 123 2652 ao
136 2587 207 2647 tum
244 2583 334 2666 afuit,
371 2587 408 2645 ut
439 2582 647 2646 monentibus
680 2584 791 2648 amicis
825 2585 1002 2649 cauendum
1036 2607 1105 2649 esse
1137 2586 1288 2649 Mettium

137 2688 400 2773 Pompusianum,
423 2688 510 2774 quod
534 2690 632 2775 uolgo
656 2690 838 2754 crederetur
857 2692 1000 2775 genesim
1018 2692 1137 2757 habere
1155 2694 1289 2775 impera-

210 2907 224 2954 1
244 2901 362 2968 Eutrop.
379 2900 439 2953 VII
450 2903 522 2966 20,1
543 2900 672 2954 conuicia
687 2917 704 2954 a
719 2901 870 2954 causidicis
885 2906 914 2955 et
932 2901 1108 2971 philosophis
1123 2905 1153 2955 in
1168 2918 1197 2955 se
1212 2903 1289 2956 dicta

135 2979 237 3034 leniter
256 2979 367 3049 (leuiter
386 2981 476 3045 codd,
504 2980 540 3048 μὴ
560 2979 667 3050 βαρέως
686 2983 803 3050 Paean.)
822 2981 898 3034 tulit.
947 2984 1025 3048 Epit.
1046 2986 1105 3046 9,3
1123 2999 1161 3050 aq.
1181 2982 1289 3035 ferebat

135 3059 277 3129 patienter
299 3060 454 3113 amicorum
476 3062 583 3126 motus,
612 3060 789 3114 contumeliis
816 3076 924 3126 eorum,
953 3063 985 3114 ut
1009 3064 1069 3114 erat
1092 3060 1288 3126 facetissimus,

135 3139 307 3194 iocularibus
325 3140 503 3208 respondens.
542 3156 663 3208 namque
682 3140 822 3194 Licinium
839 3141 1010 3206 Mucianum,
1030 3157 1085 3209 quo
1105 3141 1232 3194 adiutore
1252 3141 1288 3194 ad

135 3221 286 3289 imperium
313 3222 492 3289 peruenerat,
521 3220 625 3274 fiducia
649 3220 812 3274 meritorum
835 3221 1003 3274 insolentem
1026 3220 1120 3290 lepide
1148 3221 1287 3286 flectebat,

135 3300 265 3354 adhibito
289 3300 384 3368 aliquo
407 3300 520 3369 utrique
543 3300 691 3367 familiari,
715 3301 745 3353 id
768 3319 856 3354 unum
880 3301 988 3354 dicens:
1019 3301 1110 3354 ‘nosti
1132 3318 1177 3353 me
1195 3301 1288 3354 uirum

136 3381 217 3434 esse'.
254 3380 304 3434 sed
328 3381 396 3449 quid
419 3381 521 3434 mirum
545 3380 574 3433 in
601 3381 712 3448 amicis,
741 3399 804 3435 cum
832 3382 919 3434 etiam
942 3379 1150 3434 causidicorum
1173 3380 1288 3449 obliqua

136 3461 213 3515 dicta
245 3462 290 3530 (ef.
319 3462 440 3515 Dona2
464 3479 493 3528 p.
513 3465 576 3526 336,
592 3464 620 3529 3)
653 3464 682 3515 et
713 3461 945 3530 philosophorum
984 3461 1191 3514 contumaciam
1223 3477 1288 3514 con·
1338 3486 1340 3492 v

135 3543 292 3594 temneret?
380 3547 411 3594 12
436 3543 553 3609 Eutrop.
575 3543 634 3595 VII
650 3546 726 3608 20,1
751 3539 921 3594 offensarum
944 3543 973 3594 et
992 3543 1031 3610 (et
1049 3557 1100 3595 om.
1114 3558 1182 3609 pars
1200 3542 1287 3610 codd.)

134 3621 350 3674 inimicitiarum
373 3620 518 3674 immemor
540 3620 603 3674 fuit.
641 3624 719 3689 Epir.
737 3626 794 3688 9,2
816 3620 900 3674 huius
919 3622 994 3676 inter
1012 3623 1104 3674 cetera
1122 3621 1197 3674 bona
1215 3621 1287 3674 illud

135 3701 279 3770 singulare
300 3700 357 3754 fuit
379 3700 543 3754 inimicitias
568 3701 710 3770 obliuisci,
740 3702 810 3756 adeo
834 3705 866 3755 ut
885 3701 995 3755 Vitellii
1018 3701 1108 3754 hostis
1132 3702 1176 3754 sui
1199 3701 1288 3754 filiam

133 3781 356 3850 locupletissime
366 3782 494 3835 dotatam
505 3780 734 3850 splendidissimo
745 3781 928 3850 coniungeret
937 3781 1008 3835 uiro.
1082 3786 1116 3834 20
1132 3782 1209 3851 Epir.
1221 3785 1287 3846 9,14

134 3860 314 3915 monentibus
334 3861 445 3928 amicis,
464 3863 496 3914 ut
515 3863 558 3932 (ut
576 3878 626 3915 om.
642 3862 787 3932 Luadolf.)
806 3865 919 3915 caueret
938 3877 955 3914 a
973 3861 1060 3914 Metio
1080 3860 1190 3931 (Mettio
1210 3862 1287 3915 Lau-

109 3991 111 3996 .
135 3942 213 4011 dolf.)
232 3941 433 4010 Pomposiano,
458 3942 492 3994 de
517 3958 572 4008 quo
596 3958 687 3995 sermo
710 3941 909 4011 percrebuerat
932 3943 1115 4012 regnaturum
1135 3941 1203 4011 (fore
1222 3942 1286 3995 add.

135 4022 293 4091 LaMolfi),
313 4021 456 4076 consulem
473 4021 542 4074 fecit
563 4021 691 4075 alludens
710 4021 763 4075 tali
783 4021 898 4077 cauillo:
924 4022 1093 4090 quandoque
1111 4036 1217 4074 memor
1235 4021 1288 4074 erit

134 4101 210 4155 tanti
227 4101 365 4156 beneficii.

207 4303 275 4351 lac
294 4315 345 4351 om.
361 4298 390 4350 N
473 4297 665 4352 selausulam
680 4299 785 4364 Duker,
806 4298 949 4351 clausulae
964 4301 990 4350 a
1068 4304 1100 4351 11
1121 4313 1219 4351 canem
1238 4297 1287 4350 ha-

133 4378 241 4431 buitt‘
350 4383 382 4430 13
412 4378 580 4446 dotauitque
608 4380 682 4449 culp.
698 4385 763 4448 post
786 4379 826 4432 ed.
848 4379 950 4432 VeraI
975 4378 1148 4448 (maritatam
1176 4376 1288 4430 dotauit

134 4459 261 4529 Bentley)
340 4463 372 4510 17
400 4458 468 4528 non]
488 4457 601 4516 hands
630 4459 699 4527 (edd.
715 4460 818 4526 prisea,
846 4459 933 4528 walp.)
1012 4463 1045 4513 18
1073 4460 1160 4526 atque
1187 4457 1287 4511 eadem

76 4593 86 4602 ,
133 4537 230 4592 fereG
295 4543 329 4591 20
343 4540 417 4592 esset
432 4538 560 4607 (eet)L¹,
575 4554 635 4591 esse
650 4539 762 4593 etPOS
775 4541 842 4607 (aaa
855 4540 891 4608 Τ)
954 4539 1074 4592 metium
1082 4537 1286 4606 XTleorrAE')
