3142 5112
458 354 566 408 DIVl'S
586 352 776 406 AVGVSTVS
796 365 861 414 [tur.
877 364 964 413 10-181
1229 353 1272 416 55

137 520 260 601 occisoS,
292 523 328 582 ut
359 515 504 581 Antonio
537 518 663 602 fugato,
696 538 730 579 re
762 539 793 600 p.
821 515 1006 580 consulibus
1039 514 1153 581 orbata
1185 515 1272 578 solus

136 625 263 689 uictores
292 623 450 688 exercitus
483 626 662 707 oocuparet.
708 621 831 687 Pansae
860 622 988 706 quidem
1016 621 1096 686 adeo
1124 625 1273 704 suspecta

136 753 212 794 mors
230 731 301 814 fuit,
320 734 357 795 ut
372 727 473 813 Glyco
493 728 635 794 medicus
655 729 834 793 custoditus
854 729 905 813 sit,
924 729 1015 812 quasi
1029 749 1189 794 uenenum
1204 727 1272 791 uul-

135 838 196 900 neri
226 837 399 902 indidisset.
451 835 548 900 adieit
580 835 631 900 his
664 835 815 918 Aquilius
847 834 951 922 Niger
981 835 1118 900 alterum
1151 855 1168 898 e
1200 855 1273 899 con-

112 943 248 1010 ssulibus
280 943 424 1009 Hirtium
457 944 491 1007 in
524 963 651 1028 pugnae
682 941 824 1006 tumultu
858 940 898 1006 ab
931 942 1001 1026 ipso
1034 942 1272 1024 interemptum.

135 1050 182 1114 sed
203 1055 239 1114 ut
261 1051 415 1136 cognouit
434 1047 615 1114 Antonium
634 1053 710 1133 post
730 1049 841 1134 fugam
866 1071 884 1112 a
903 1048 945 1112 M.
964 1047 1087 1131 Lepido
1107 1052 1270 1131 receptum
1282 1044 1324 1111 12

135 1162 310 1240 ceterosque
333 1156 429 1220 duces
453 1159 485 1220 et
508 1156 665 1220 exercitus
685 1155 866 1220 consentire
884 1177 944 1238 pro
963 1152 1120 1239 partibus,
1143 1175 1272 1218 causam

33 1343 34 1356 ,
135 1263 327 1346 optimatium
353 1262 421 1326 sine
445 1259 649 1326 cunctatione
673 1259 822 1344 deseruit,
845 1259 885 1324 ad
908 1263 1110 1343 praetextum
1130 1263 1272 1322 mutatae

134 1369 301 1434 uoluntatis
329 1369 415 1433 dicta
443 1368 592 1450 factaque
620 1367 821 1449 quorundam
847 1367 1075 1448 calumniatus,
1103 1366 1194 1448 quasi
1217 1365 1272 1429 alii

100 1500 121 1536 10
135 1497 164 1539 se
185 1498 324 1560 puerum,
348 1475 403 1539 alii
421 1473 506 1557 <eiu
526 1474 612 1554 epist.
635 1473 691 1536 XI
707 1478 813 1556 20,1>
834 1473 1013 1538 ornandum
1031 1471 1272 1554 tollendumque

134 1581 306 1664 iactassent,
328 1603 369 1645 ne
392 1583 449 1644 aut
473 1580 535 1644 sibi
561 1583 615 1643 aut
639 1581 800 1643 ueteranis
824 1601 882 1663 par
899 1581 1004 1665 gratia
1023 1580 1203 1644 referretur.
1242 1583 1273 1642 et

134 1708 191 1768 quo
218 1688 321 1774 magis
349 1686 578 1770 paenitentiam
606 1686 724 1768 prioris
753 1690 855 1749 sectae
884 1684 1085 1769 approbaret,
1112 1683 1272 1750 Nursinos

91 1855 94 1858 ,
133 1793 238 1876 grandi
260 1794 394 1876 pecunia
418 1796 450 1856 et
473 1814 569 1876 quam
598 1793 734 1874 pendere
757 1793 929 1875 nequirent
951 1791 1106 1856 multatos
1130 1796 1272 1856 extorres

134 1899 245 1982 oppido
273 1901 352 1984 egit,
382 1897 468 1982 quod
496 1897 672 1962 Mutinensi
700 1899 768 1962 acie
790 1900 1057 1981 interemptorum
1081 1899 1199 1962 ciuium
1224 1902 1273 1962 tu-

100 2028 121 2066 15
134 2005 213 2069 mulo
231 2005 359 2088 publice
379 2009 524 2070 extructo
541 2005 753 2088 ascripserant
771 2025 830 2088 pro
845 2004 993 2069 libertate
1008 2027 1062 2069 eos
1078 2004 1273 2069 occubuisse.

213 2110 298 2176 Inita
322 2133 393 2176 cum
418 2109 562 2176 Antonio
586 2115 618 2174 et
641 2110 763 2195 Lepido
789 2113 941 2175 societate
964 2111 1172 2194 Philippense
1196 2107 1325 2193 quo-13

134 2238 189 2298 que
210 2218 328 2282 bellum
335 2271 343 2302 ,
373 2240 565 2302 quamquam
595 2218 755 2282 inualidus
784 2223 880 2301 atque
904 2239 1010 2304 aeger,
1038 2218 1158 2302 duplici
1182 2239 1272 2302 proe-

133 2322 172 2387 lio
200 2327 370 2410 transegit,
403 2347 539 2408 quorum
570 2325 676 2408 priore
707 2326 819 2389 castris
850 2329 965 2389 exutus
995 2326 1051 2388 uix
1081 2324 1121 2388 ad
1151 2323 1274 2388 Antoni

33 2437 34 2442 ’
132 2451 223 2495 cornu
246 2432 323 2517 fuge
347 2435 501 2495 euaserat.
544 2452 603 2495 nec
626 2453 809 2495 successum
832 2432 987 2496 uictoriae
1010 2432 1192 2496 moderatus
1217 2435 1274 2513 est,
1308 2453 1310 2458 ’

33 2621 34 2624 ¹
98 2537 183 2599 used
204 2540 307 2621 capite
331 2538 426 2602 Bruti
449 2537 587 2602 Romam
611 2539 720 2621 misso,
743 2543 780 2601 ut
804 2542 928 2602 statuae
949 2537 1091 2602 Caesaris
1116 2538 1273 2602 subicere-

132 2647 192 2726 tur,
222 2647 255 2709 in
288 2644 582 2729 splendidissimum
616 2667 775 2728 quemque
807 2647 972 2728 captiuum
1005 2666 1071 2708 non
1104 2646 1172 2708 sine
1205 2666 1272 2709 uer·

33 2757 34 2778 ³
132 2747 238 2814 borum
262 2752 457 2816 contumelia
481 2752 608 2836 saeuiit3
632 2757 668 2816 ut
692 2752 820 2834 quidem
844 2753 899 2814 uni
925 2752 1111 2834 suppliciter
1134 2752 1274 2835 sepultu·
1293 2766 1308 2812 2

130 2878 192 2920 rem
211 2859 355 2941 precanti
374 2858 578 2942 respondisse
597 2858 715 2923 dicitur
733 2859 805 2922 iem
830 2859 943 2922 istam
966 2857 1273 2950 uoluerumxfore

130 2968 370 3049 potestatem,
395 2966 483 3047 alios,
502 2969 627 3048 putrem
646 2969 679 3028 et
697 2964 810 3049 filium,
834 2987 893 3049 pro
912 2966 981 3028 uite
1000 2967 1144 3049 rogantis
1164 2965 1273 3028 sortiri

98 3089 118 3128 u
131 3071 177 3133 uel
207 3071 327 3136 micare
359 3072 503 3154 iussisse,
536 3075 571 3135 ut
601 3072 749 3136 alterutri
777 3072 1016 3155 concederetur,
1045 3095 1081 3136 ae
1113 3075 1273 3154 spectasse

130 3181 295 3262 utrumque
326 3179 530 3259 morientem,
561 3200 633 3242 eum
663 3182 768 3262 patre,
799 3180 874 3260 quia
897 3201 931 3242 se
961 3158 1135 3262 optulerat,
1166 3178 1272 3241 occiso

129 3281 208 3346 filius
238 3306 367 3366 quoque
400 3283 615 3347 uoluntariam
649 3284 851 3348 occubuisset
878 3305 996 3348 necem.
1043 3306 1140 3367 quare
1169 3285 1273 3366 ceteri,
1300 3317 1307 3329 ·

130 3388 159 3451 in
183 3389 234 3452 his
263 3390 305 3454 M.
324 3389 487 3454 Fauonius
515 3390 570 3454 ille
594 3388 724 3454 Catonis
753 3393 910 3473 aemulus,
939 3413 1011 3455 cum
1040 3389 1178 3454 catenati
1201 3412 1273 3472 pro-

132 3495 323 3580 ducerentur,
346 3498 539 3580 imperatore
561 3496 706 3560 Antonio
728 3496 904 3561 honorifice
929 3499 1076 3579 salutate,
1099 3497 1185 3561 huno
1207 3498 1272 3561 foe-

100 3620 121 3658 u
133 3600 255 3668 dissime
280 3605 427 3668 conuicio
452 3624 558 3667 coram
583 3604 813 3686 prosciderunt.

197 3837 211 3882 2
230 3833 321 3886 uictor
334 3833 368 3898 T,
383 3831 474 3885 uictor
483 3835 539 3885 tres
551 3850 566 3890 ς
578 3834 621 3900 (cf.
634 3833 763 3900 Ecetrop.)
824 3832 955 3905 equidem
965 3836 998 3898 X,
1014 3850 1125 3900 quoque
1135 3835 1166 3884 H
1174 3835 1272 3900 (pansa

135 3910 253 3977 equidem
268 3919 292 3966 et
306 3921 364 3967 tum
378 3913 464 3965 adeos
476 3915 506 3980 V,
525 3929 614 3982 pansa
630 3913 761 3979 equidem
773 3913 805 3981 Q)
866 3919 1034 3965 3uenenum
1050 3931 1099 3966 om.
1116 3913 1141 3963 V
1201 3919 1272 3965 ὅτο-

136 3992 206 4057 cepto
226 3995 262 4047 M
334 3998 348 4044 7
369 3995 397 4046 et
416 4010 465 4046 om.
484 3994 509 4047 G
581 3993 709 4061 partibus
729 4010 745 4051 ς
765 3995 925 4061 (Becare),
944 3992 1072 4060 patribus
1092 3993 1183 4061 (fratr-
1199 3995 1272 4062 V)sr

33 4069 34 4074 ’
137 4073 162 4119 11
177 4073 219 4142 ne]
234 4089 325 4140 neque
339 4075 424 4139 Tere,
439 4089 490 4126 nec
501 4075 617 4143 Bentley
669 4079 700 4125 19
717 4072 894 4126 oomuM²V
940 4089 1069 4126 successu
1080 4071 1116 4125 X'
1165 4078 1198 4125 20
1213 4073 1273 4125 obi-

137 4153 232 4206 ceretur
246 4154 363 4222 Bentley
419 4151 905 4219 21120221211022,(2122121)2
959 4153 1136 4221 captiuorum
1148 4155 1272 4222 Bentley,

138 4236 195 4283 recte
208 4241 275 4300 pulo
338 4239 371 4285 22
387 4233 556 4298 seuiitMY,
576 4233 680 4304 equiuit
697 4234 734 4299 G,
754 4249 802 4285 seu
820 4235 849 4297 V,
870 4234 959 4286 secuit
969 4237 1002 4297 X,
1023 4233 1174 4287 extinxitd
1228 4235 1271 4304 ut]

139 4310 162 4359 et
174 4312 291 4383 Bentley,
311 4313 335 4366 si
349 4315 485 4368 Ieruetedt
566 4319 599 4364 23
618 4314 795 4381 praedicanti
816 4316 852 4367 M
856 4314 864 4343 ¹
947 4313 1051 4366 dieitur
1071 4316 1142 4379 MV,
1162 4313 1274 4366 dicatur

139 4390 281 4448 reletcdd.
355 4395 385 4446 in
400 4393 561 4462 poetistam
577 4394 738 4459 acuere,
757 4392 813 4446 ista
828 4394 857 4445 in
872 4395 989 4465 Bentley
1057 4400 1090 4446 25
1109 4393 1207 4446 micari
1222 4395 1272 4459 11¹,

142 4466 257 4526 dimicare
279 4473 401 4528 GL²PT
470 4479 503 4526 27
523 4473 726 4527 uoluntaria-
738 4490 805 4527 nece
824 4478 853 4525 X
