3166 5106
622 409 788 466 TIBERIVS
808 422 873 470 [cna.
890 421 977 470 21—24]
1305 408 1368 472 133

222 592 349 654 parasse
372 592 405 634 se
429 575 461 634 et
483 572 685 637 redditurum
709 596 782 638 eum
806 573 931 638 senatui
949 573 1104 636 rationem
1125 571 1298 655 respondit,
1322 572 1368 634 in-

223 677 341 740 uidiam
371 678 492 742 scilicet
520 679 552 742 in
579 681 761 763 praesentia
787 681 901 744 uitans.
943 702 1018 743 nam
1044 700 1121 742 mox
1148 678 1277 742 silentio
1301 699 1368 741 rem

222 783 416 849 obliterauit.
464 785 532 848 iure
560 790 668 850 autem
695 786 886 851 tribuniciae
916 787 1086 870 potestatis
1115 789 1226 849 coacto
1256 787 1367 848 senatu
1376 784 1420 852 23

220 891 434 974 incohataque
466 892 669 958 adlocutione
702 894 872 978 derepente
904 892 994 956 uelut
1026 893 1131 977 impar
1163 892 1266 956 dolori
1293 913 1368 956 con-

192 1023 205 1062 s
221 997 355 1082 gemuit,
377 1002 478 1082 utque
500 1021 566 1064 non
590 1000 694 1064 solum
714 1021 778 1062 uox
797 1000 853 1064 sed
872 1003 903 1063 et
923 999 1055 1084 spiritus
1075 999 1223 1063 deficeret
1242 997 1368 1082 optauit

221 1125 257 1167 ac
279 1104 509 1190 perlegendum
536 1105 657 1170 librum
680 1105 786 1170 Druso
815 1105 884 1170 filio
912 1104 1053 1169 tradidit.
1095 1104 1231 1169 inlatum
1255 1104 1368 1169 deiude

220 1209 362 1296 Augusti
385 1214 623 1296 testamentum,
645 1234 710 1276 nou
729 1212 877 1276 admissis
896 1211 1115 1298 signatoribus
1134 1212 1196 1275 nisi
1215 1211 1369 1276 senatorii

113 1342 119 1370 ’-
221 1316 351 1401 ordinis
375 1317 488 1382 ceteris
510 1323 601 1382 extra
619 1319 738 1383 curiam
759 1319 851 1405 signa
870 1318 1127 1404 agnoscentibus,
1145 1317 1293 1382 r‘ecitauit
1311 1339 1369 1401 per

160 1457 165 1462 ·
219 1422 380 1488 libertum.
422 1426 607 1490 testamenti
626 1426 755 1490 initium
774 1426 849 1490 fuit:
874 1426 1054 1508 quoniam
1078 1429 1189 1490 atrox
1211 1424 1368 1488 fortuna

178 1555 205 1594 ιο
223 1528 355 1595 Gaium
383 1533 420 1594 et
443 1530 600 1597 Lucium
630 1531 740 1596 filios
769 1531 863 1596 mihi
892 1531 1057 1616 eripuit,·
1079 1531 1256 1605 Tiberius
1281 1530 1368 1595 Cae-

221 1659 280 1700 sar
304 1637 397 1700 mihi
422 1659 464 1702 ex
484 1643 592 1720 parte
612 1638 771 1702 dimidia
789 1643 825 1702 et
849 1642 1025 1703 sextante
1043 1639 1154 1702 heres
1178 1643 1270 1703 esto.
1304 1660 1368 1721 quo

221 1747 252 1806 et
281 1742 353 1827 ipso
384 1748 477 1808 aucta
507 1746 647 1830 suspicio
678 1748 726 1809 est
755 1745 957 1828 opinantium
988 1767 1202 1810 successorem
1231 1745 1367 1809 ascitum

221 1871 293 1913 eum
316 1853 507 1916 necessitate
530 1852 634 1938 magis
658 1874 754 1935 quam
778 1852 906 1937 iudicio,
930 1852 1058 1934 quando
1081 1852 1127 1914 ita
1146 1852 1283 1935 praefari
1302 1873 1367 1915 non

221 1957 421 2021 abstinuerit.

178 2087 204 2128 15
308 2063 544 2150 Principatum‚
578 2066 726 2149 quamuis
753 2087 856 2148 neque
884 2086 1040 2147 occupare
1068 2065 1236 2129 confestim
1264 2063 1420 2148 neque24

219 2191 313 2255 agere
342 2171 532 2254 dubitasset,
564 2177 596 2236 et
624 2172 762 2237 statione
790 2172 943 2253 militum,
976 2172 1038 2237 hoc
1066 2176 1114 2236 est
1141 2172 1174 2235 ui
1203 2175 1235 2234 et
1263 2173 1368 2255 specie

220 2276 448 2341 dominationis
476 2283 654 2363 assumpta,
682 2280 737 2343 diu
760 2282 868 2342 tamen
891 2279 1066 2362 recusauit,
1088 2279 1367 2361 impudentissimo

218 2384 318 2447 mimo
337 2406 423 2448 nunc
441 2385 642 2449 adhortantis
661 2387 782 2451 amicos
797 2386 964 2469 increpans
979 2389 1016 2449 ut
1034 2384 1205 2471 ignaros,
1225 2389 1369 2469 quanta

219 2489 332 2555 belua
350 2495 451 2559 esset
469 2492 689 2577 imperium,
707 2512 793 2556 nunc
810 2497 995 2576 precantem
1015 2496 1160 2557 'senatum
1175 2495 1207 2555 et
1221 2515 1368 2576 procum-

176 2621 204 2660 ao
218 2597 348 2663 bentem
376 2599 438 2663 sibi
466 2600 507 2663 ad
534 2620 639 2684 genua
667 2599 828 2685 ambiguis
856 2601 1017 2682 responsis
1045 2604 1076 2663 et
1104 2599 1220 2664 callida
1243 2604 1369 2664 cuncta-

218 2705 307 2771 tione
327 2705 537 2790 suspendens,
560 2710 597 2769 ut
616 2707 744 2788 quidam
765 2705 954 2789 patientiam
971 2710 1157 2789 rumperent
1171 2710 1267 2789 atque
1285 2729 1368 2770 unus

218 2812 253 2875 in
271 2811 415 2875 tumultu
433 2812 660 2896 proclamaret:
684 2816 748 2876 aut
772 2816 859 2898 agat
879 2817 942 2876 ant
961 2813 1136 2884 desistat!
1161 2813 1241 2877 alter·
1260 2834 1368 2877 coram

219 2917 427 3001 exprobraret
450 2924 582 3004 ceteros,
606 2920 692 3002 quod
715 2919 852 3004 polliciti
877 2920 942 2982 sint
965 2920 1055 2983 tarde
1078 2924 1247 3004 praestare,
1271 2920 1368 3002 sc<d>

219 3025 335 3109 ipsum,
360 3016 447 3108 quod
463 3030 606 3110 praestet
627 3027 718 3090 tarde
736 3026 891 3110 polliceri.
929 3027 1059 3090 tandem
1078 3027 1169 3109 quasi
1188 3031 1317 3090 coactus
1336 3033 1368 3090 et
1387 3046 1402 3092 a

178 3153 206 3192 aa
221 3153 357 3214 querens
381 3131 530 3196 miseram
555 3137 586 3196 et
610 3154 777 3198 onerosam
801 3133 927 3218 iniungi
947 3133 1008 3198 sibi
1028 3133 1225 3217 seruitutem,
1248 3134 1369 3216 recepit

218 3238 403 3323 imperium3
430 3261 488 3302 nec
516 3244 623 3303 tamen
651 3240 757 3324 aliter,
786 3261 882 3322 quarn
910 3245 946 3303 ut
971 3240 1189 3324 depositurum
1214 3261 1247 3302 se
1272 3261 1367 3322 quan-

219 3345 323 3427 doque
348 3367 436 3429 spem
461 3346 587 3409 faceret.
630 3347 732 3428 ipsius
752 3347 851 3410 uerba
870 3352 957 3411 sunt:
981 3347 1066 3409 dum
1090 3347 1239 3409 ueniam
1264 3347 1307 3410 ad
1331 3346 1368 3408 id

292 3598 324 3645 15
333 3609 391 3659 sqq.
412 3593 490 3660 Epic
501 3597 528 3658 2,
538 3598 555 3645 6
569 3592 690 3660 denique
706 3593 831 3646 delatum
841 3609 857 3646 a
867 3593 995 3661 patribus
1005 3592 1204 3662 principatum,
1219 3591 1294 3659 quod
1304 3591 1366 3658 qui-

218 3671 283 3726 dem
298 3674 362 3725 astu
376 3671 491 3738 fecerat,
511 3672 575 3726 ficte
591 3673 721 3739 abnuere,
736 3673 805 3740 quid
820 3672 925 3742 singuli
939 3673 1066 3726 dicerent
1080 3672 1126 3725 uel
1142 3671 1279 3725 sentirent
1293 3674 1367 3725 atro-

218 3750 289 3804 citer
303 3752 459 3820 exploram,
475 3768 547 3820 quae
562 3769 606 3805 res
621 3753 709 3806 bonos
724 3769 848 3820 quosque
863 3752 1063 3822 pessumdedit.
1083 3753 1117 3818 cs.
1135 3752 1226 3807 Victor
1237 3752 1365 3818 Caes.2,1

291 3972 431 4028 BiuraG
501 3973 654 4028 tribunicia
670 3977 706 4029 M
776 3975 976 4047 ederepente]
996 3975 1030 4028 de
1049 3991 1078 4028 rc
1093 3975 1158 4030 κθ
1227 3974 1312 4028 osed
1327 3975 1366 4046 et]

219 4054 268 4107 sed
290 4057 337 4120 M,
360 4055 410 4107 sed
429 4058 461 4108 ut
483 4058 529 4110 Te
548 4057 589 4124 (in
607 4057 656 4109 boc
674 4057 738 4110 add.
759 4054 844 4110 etiam
861 4063 924 4124 post
943 4055 1067 4124 spiritus)
1155 4061 1169 4108 9
1190 4057 1278 4124 atrox]
1301 4053 1368 4128 sini-

220 4137 279 4188 stra
299 4135 352 4204 HQ
374 4142 399 4188 et
413 4153 466 4203 pro
485 4155 512 4190 n.
529 4137 545 4189 l.
561 4137 589 4189 R
676 4142 706 4187 11
728 4139 860 4204 exparte
879 4135 949 4188 mihi
970 4137 995 4189 G
1081 4138 1160 4188 sexta
1180 4137 1310 4190 Oue'ace‘as
1329 4138 1366 4204 (n.

218 4217 291 4284 Aee.
308 4221 360 4269 101
375 4233 405 4284 p.
422 4219 540 4284 116,17)
630 4222 661 4269 16
678 4232 780 4286 augere
797 4216 822 4271 G
903 4218 982 4282 prins
1001 4218 1029 4268 et
1044 4217 1093 4269 del.
1110 4218 1234 4285 Bentley,
1250 4217 1368 4286 Modoe'p

219 4301 253 4348 18
267 4293 352 4348 mimo
372 4295 581 4361 1.F.Gronoc.,
606 4295 698 4348 animo
718 4299 744 4348 Ω
830 4296 962 4365 ignorans
984 4296 1009 4349 G
1098 4302 1129 4348 19
1148 4295 1244 4348 bellua
1265 4299 1301 4350 M
1306 4297 1370 4350 V¹T

219 4380 252 4426 23
272 4375 322 4428 sed
337 4375 391 4444 HQ
410 4382 435 4430 et
450 4393 502 4444 pro
522 4395 548 4429 a.
566 4377 581 4430 l.
599 4377 634 4441 R,
658 4392 686 4428 se
706 4378 735 4428 et
756 4377 786 4441 0,
806 4379 848 4428 set
868 4376 916 4440 P²,
940 4393 969 4430 se
987 4377 1034 4428 rel.
1051 4378 1106 4444 (a),
1130 4376 1179 4428 del.
1197 4377 1311 4444 Lipsius
1329 4377 1366 4430 ol.

217 4457 281 4520 fort.
296 4462 365 4510 recte
457 4462 495 4509 124
513 4455 594 4509 tarde
612 4457 690 4524 petet
707 4454 840 4525 pollicere
861 4456 886 4508 G
986 4461 1018 4508 25
1037 4454 1139 4524 recipit
1159 4456 1213 4509 LP
1230 4456 1366 4526 (Bentley)

219 4540 252 4588 27
272 4535 324 4588 hec
339 4542 403 4604 post
422 4538 487 4588 sunt
506 4537 569 4589 odd.
582 4536 643 4594 L³5
663 4538 758 4606 (only.)
