<?xml version="1.0" encoding="UTF-8"?>
<!DOCTYPE html PUBLIC "-//W3C//DTD XHTML 1.0 Transitional//EN"
    "http://www.w3.org/TR/xhtml1/DTD/xhtml1-transitional.dtd">
<html xmlns="http://www.w3.org/1999/xhtml" xml:lang="en" lang="en">
 <head>
  <title>
</title>
<meta http-equiv="Content-Type" content="text/html;charset=utf-8" />
  <meta name='ocr-system' content='tesseract 3.04.00' />
  <meta name='ocr-capabilities' content='ocr_page ocr_carea ocr_par ocr_line ocrx_word'/>
</head>
<body>
  <div class='ocr_page' id='page_1' title='image "./csuetoniitranqu01suetgoog_0286.png"; bbox 0 0 3136 5100; ppageno 0'>
   <div class='ocr_carea' id='block_1_1' title="bbox 275 313 1074 380">
    <p class='ocr_par' dir='ltr' id='par_1_1' title="bbox 275 313 1074 380">
     <span class='ocr_line' id='line_1_1' title="bbox 275 313 1074 380; baseline -0.016 0"><span class='ocrx_word' id='word_1_1' title='bbox 275 313 340 380; x_wconf 81' lang='lat'>216</span> <span class='ocrx_word' id='word_1_2' title='bbox 627 317 655 369; x_wconf 88' lang='lat' dir='ltr'>c.</span> <span class='ocrx_word' id='word_1_3' title='bbox 676 315 833 380; x_wconf 70' lang='lat' dir='ltr'>suarem</span> <span class='ocrx_word' id='word_1_4' title='bbox 852 315 1074 380; x_wconf 71' lang='lat' dir='ltr'>calnomum</span> 
     </span>
    </p>
   </div>
   <div class='ocr_carea' id='block_1_2' title="bbox 242 479 1456 989">
    <p class='ocr_par' dir='ltr' id='par_1_2' title="bbox 242 479 1456 989">
     <span class='ocr_line' id='line_1_2' title="bbox 275 479 1420 544; baseline 0.001 -2"><span class='ocrx_word' id='word_1_5' title='bbox 275 479 416 544; x_wconf 82' lang='lat' dir='ltr'>correxit</span> <span class='ocrx_word' id='word_1_6' title='bbox 442 481 499 544; x_wconf 90' lang='lat' dir='ltr'>aut</span> <span class='ocrx_word' id='word_1_7' title='bbox 527 479 652 542; x_wconf 84' lang='lat' dir='ltr'>exoleta</span> <span class='ocrx_word' id='word_1_8' title='bbox 684 479 851 542; x_wconf 90' lang='lat' dir='ltr'>reuocauit</span> <span class='ocrx_word' id='word_1_9' title='bbox 878 483 935 543; x_wconf 90' lang='lat' dir='ltr'>aut</span> <span class='ocrx_word' id='word_1_10' title='bbox 962 479 1059 542; x_wconf 91' lang='lat' dir='ltr'>etiam</span> <span class='ocrx_word' id='word_1_11' title='bbox 1087 500 1173 544; x_wconf 91' lang='lat' dir='ltr'>noua</span> <span class='ocrx_word' id='word_1_12' title='bbox 1200 480 1347 544; x_wconf 85' lang='lat' dir='ltr'>instituit.</span> <span class='ocrx_word' id='word_1_13' title='bbox 1389 481 1420 543; x_wconf 91' lang='lat' dir='ltr'>in</span> 
     </span>
     <span class='ocr_line' id='line_1_3' title="bbox 276 585 1421 671; baseline -0.001 -21"><span class='ocrx_word' id='word_1_14' title='bbox 276 585 466 669; x_wconf 89' lang='lat' dir='ltr'>cooptandis</span> <span class='ocrx_word' id='word_1_15' title='bbox 500 606 558 668; x_wconf 92' lang='lat' dir='ltr'>per</span> <span class='ocrx_word' id='word_1_16' title='bbox 592 585 728 671; x_wconf 88' lang='lat' dir='ltr'>collegia</span> <span class='ocrx_word' id='word_1_17' title='bbox 762 585 983 650; x_wconf 84' lang='lat' dir='ltr'>sacerdotibus</span> <span class='ocrx_word' id='word_1_18' title='bbox 1013 587 1174 650; x_wconf 90' lang='lat' dir='ltr'>neminem</span> <span class='ocrx_word' id='word_1_19' title='bbox 1208 587 1271 649; x_wconf 91' lang='lat' dir='ltr'>nisi</span> <span class='ocrx_word' id='word_1_20' title='bbox 1301 587 1421 650; x_wconf 87' lang='lat' dir='ltr'>iuratus</span> 
     </span>
     <span class='ocr_line' id='line_1_4' title="bbox 276 691 1421 776; baseline 0.001 -21"><span class='ocrx_word' id='word_1_21' title='bbox 276 693 468 776; x_wconf 80' lang='lat' dir='ltr'>nominauit3</span> <span class='ocrx_word' id='word_1_22' title='bbox 499 691 747 774; x_wconf 87' lang='lat' dir='ltr'>obseruauitque</span> <span class='ocrx_word' id='word_1_23' title='bbox 775 692 901 776; x_wconf 91' lang='lat' dir='ltr'>sedulo,</span> <span class='ocrx_word' id='word_1_24' title='bbox 929 695 966 755; x_wconf 88' lang='lat' dir='ltr'>ut</span> <span class='ocrx_word' id='word_1_25' title='bbox 994 693 1143 775; x_wconf 91' lang='lat' dir='ltr'>quotiens</span> <span class='ocrx_word' id='word_1_26' title='bbox 1171 695 1256 756; x_wconf 90' lang='lat' dir='ltr'>terra</span> <span class='ocrx_word' id='word_1_27' title='bbox 1284 693 1318 755; x_wconf 93' lang='lat' dir='ltr'>in</span> <span class='ocrx_word' id='word_1_28' title='bbox 1345 693 1421 756; x_wconf 91' lang='lat' dir='ltr'>urbe</span> 
     </span>
     <span class='ocr_line' id='line_1_5' title="bbox 277 797 1423 883; baseline 0.001 -21"><span class='ocrx_word' id='word_1_29' title='bbox 277 800 446 881; x_wconf 88' lang='lat' dir='ltr'>mouisset,</span> <span class='ocrx_word' id='word_1_30' title='bbox 477 797 574 861; x_wconf 85' lang='lat' dir='ltr'>ferias</span> <span class='ocrx_word' id='word_1_31' title='bbox 602 797 757 862; x_wconf 88' lang='lat' dir='ltr'>aduocata</span> <span class='ocrx_word' id='word_1_32' title='bbox 786 799 936 864; x_wconf 89' lang='lat' dir='ltr'>contione</span> <span class='ocrx_word' id='word_1_33' title='bbox 968 803 1098 881; x_wconf 89' lang='lat' dir='ltr'>praetor</span> <span class='ocrx_word' id='word_1_34' title='bbox 1127 798 1295 883; x_wconf 76' lang='lat' dir='ltr'>indiceret,</span> <span class='ocrx_word' id='word_1_35' title='bbox 1327 803 1423 882; x_wconf 85' lang='lat' dir='ltr'>utque</span> 
     </span>
     <span class='ocr_line' id='line_1_6' title="bbox 242 889 1456 989; baseline 0 -21"><span class='ocrx_word' id='word_1_36' title='bbox 242 889 247 894; x_wconf 46' lang='grc'><strong>’</strong></span> <span class='ocrx_word' id='word_1_37' title='bbox 278 905 347 968; x_wconf 89' lang='lat' dir='ltr'>dira</span> <span class='ocrx_word' id='word_1_38' title='bbox 371 926 430 968; x_wconf 88' lang='lat' dir='ltr'>aue</span> <span class='ocrx_word' id='word_1_39' title='bbox 453 904 487 968; x_wconf 94' lang='lat' dir='ltr'>in</span> <span class='ocrx_word' id='word_1_40' title='bbox 511 901 671 987; x_wconf 84' lang='lat' dir='ltr'>Capitolio</span> <span class='ocrx_word' id='word_1_41' title='bbox 696 905 765 968; x_wconf 89' lang='lat' dir='ltr'>uisa</span> <span class='ocrx_word' id='word_1_42' title='bbox 790 904 971 970; x_wconf 77' lang='lat' dir='ltr'>obsecratio</span> <span class='ocrx_word' id='word_1_43' title='bbox 994 904 1176 989; x_wconf 78' lang='lat' dir='ltr'>haberetur,</span> <span class='ocrx_word' id='word_1_44' title='bbox 1200 925 1335 987; x_wconf 89' lang='lat' dir='ltr'>eamque</span> <span class='ocrx_word' id='word_1_45' title='bbox 1356 906 1422 988; x_wconf 87' lang='lat' dir='ltr'>ipse</span> <span class='ocrx_word' id='word_1_46' title='bbox 1446 930 1456 969; x_wconf 81' lang='lat' dir='ltr'>a</span> 
     </span>
    </p>
   </div>
   <div class='ocr_carea' id='block_1_3' title="bbox 226 1010 1554 3761">
    <p class='ocr_par' dir='ltr' id='par_1_3' title="bbox 276 1010 1423 1202">
     <span class='ocr_line' id='line_1_7' title="bbox 277 1010 1423 1095; baseline -0.002 -19"><span class='ocrx_word' id='word_1_47' title='bbox 277 1014 346 1076; x_wconf 88' lang='lat' dir='ltr'>iure</span> <span class='ocrx_word' id='word_1_48' title='bbox 365 1012 498 1076; x_wconf 86' lang='lat' dir='ltr'>maximi</span> <span class='ocrx_word' id='word_1_49' title='bbox 512 1010 675 1095; x_wconf 89' lang='lat' dir='ltr'>pontificis</span> <span class='ocrx_word' id='word_1_50' title='bbox 689 1032 748 1094; x_wconf 92' lang='lat' dir='ltr'>pro</span> <span class='ocrx_word' id='word_1_51' title='bbox 768 1011 883 1075; x_wconf 89' lang='lat' dir='ltr'>rostris</span> <span class='ocrx_word' id='word_1_52' title='bbox 902 1011 1024 1094; x_wconf 92' lang='lat' dir='ltr'>populo</span> <span class='ocrx_word' id='word_1_53' title='bbox 1042 1011 1182 1093; x_wconf 87' lang='lat' dir='ltr'>praeiret</span> <span class='ocrx_word' id='word_1_54' title='bbox 1201 1014 1423 1094; x_wconf 90' lang='lat' dir='ltr'>summotaque</span> 
     </span>
     <span class='ocr_line' id='line_1_8' title="bbox 276 1117 879 1202; baseline -0.002 -20"><span class='ocrx_word' id='word_1_55' title='bbox 276 1119 497 1202; x_wconf 88' lang='lat' dir='ltr'>operariorum</span> <span class='ocrx_word' id='word_1_56' title='bbox 522 1138 752 1200; x_wconf 89' lang='lat' dir='ltr'>seruorumque</span> <span class='ocrx_word' id='word_1_57' title='bbox 775 1117 879 1181; x_wconf 91' lang='lat' dir='ltr'>turba.</span> 
     </span>
    </p>

    <p class='ocr_par' dir='ltr' id='par_1_4' title="bbox 226 1219 1552 1735">
     <span class='ocr_line' id='line_1_9' title="bbox 226 1219 1426 1308; baseline 0.003 -24"><span class='ocrx_word' id='word_1_58' title='bbox 226 1219 269 1284; x_wconf 78' lang='lat'>23</span> <span class='ocrx_word' id='word_1_59' title='bbox 368 1223 489 1288; x_wconf 86' lang='lat' dir='ltr'>Rerum</span> <span class='ocrx_word' id='word_1_60' title='bbox 508 1229 615 1288; x_wconf 90' lang='lat' dir='ltr'>actum</span> <span class='ocrx_word' id='word_1_61' title='bbox 635 1223 774 1288; x_wconf 89' lang='lat' dir='ltr'>diuisum</span> <span class='ocrx_word' id='word_1_62' title='bbox 794 1229 887 1288; x_wconf 88' lang='lat' dir='ltr'>antea</span> <span class='ocrx_word' id='word_1_63' title='bbox 906 1225 940 1287; x_wconf 91' lang='lat' dir='ltr'>in</span> <span class='ocrx_word' id='word_1_64' title='bbox 954 1224 1107 1288; x_wconf 89' lang='lat' dir='ltr'>hibernos</span> <span class='ocrx_word' id='word_1_65' title='bbox 1123 1226 1329 1308; x_wconf 90' lang='lat' dir='ltr'>aestiuosque</span> <span class='ocrx_word' id='word_1_66' title='bbox 1343 1246 1426 1288; x_wconf 92' lang='lat' dir='ltr'>men-</span> 
     </span>
     <span class='ocr_line' id='line_1_10' title="bbox 279 1330 1427 1414; baseline -0.001 -19"><span class='ocrx_word' id='word_1_67' title='bbox 279 1352 329 1396; x_wconf 87' lang='lat' dir='ltr'>ses</span> <span class='ocrx_word' id='word_1_68' title='bbox 357 1331 532 1395; x_wconf 82' lang='lat' dir='ltr'>coniunxit.</span> <span class='ocrx_word' id='word_1_69' title='bbox 570 1331 650 1394; x_wconf 89' lang='lat' dir='ltr'>iuris</span> <span class='ocrx_word' id='word_1_70' title='bbox 678 1330 851 1394; x_wconf 88' lang='lat' dir='ltr'>dictionem</span> <span class='ocrx_word' id='word_1_71' title='bbox 880 1330 918 1394; x_wconf 89' lang='lat' dir='ltr'>de</span> <span class='ocrx_word' id='word_1_72' title='bbox 945 1330 1022 1395; x_wconf 91' lang='lat' dir='ltr'>fidei</span> <span class='ocrx_word' id='word_1_73' title='bbox 1050 1331 1230 1394; x_wconf 81' lang='lat' dir='ltr'>commissis</span> <span class='ocrx_word' id='word_1_74' title='bbox 1255 1332 1427 1414; x_wconf 79' lang='lat' dir='ltr'>quotannis</span> 
     </span>
     <span class='ocr_line' id='line_1_11' title="bbox 278 1429 1552 1522; baseline 0.001 -21"><span class='ocrx_word' id='word_1_75' title='bbox 278 1444 311 1502; x_wconf 91' lang='lat' dir='ltr'>et</span> <span class='ocrx_word' id='word_1_76' title='bbox 343 1441 469 1502; x_wconf 89' lang='lat' dir='ltr'>tantum</span> <span class='ocrx_word' id='word_1_77' title='bbox 502 1437 535 1500; x_wconf 89' lang='lat' dir='ltr'>in</span> <span class='ocrx_word' id='word_1_78' title='bbox 568 1436 647 1500; x_wconf 92' lang='lat' dir='ltr'>urbe</span> <span class='ocrx_word' id='word_1_79' title='bbox 664 1437 820 1522; x_wconf 32' lang='lat' dir='ltr'>&#39;delegari</span> <span class='ocrx_word' id='word_1_80' title='bbox 852 1437 1097 1520; x_wconf 85' lang='lat' dir='ltr'>magistratibus</span> <span class='ocrx_word' id='word_1_81' title='bbox 1130 1438 1258 1502; x_wconf 90' lang='lat' dir='ltr'>solitam</span> <span class='ocrx_word' id='word_1_82' title='bbox 1293 1438 1328 1500; x_wconf 90' lang='lat' dir='ltr'>in</span> <span class='ocrx_word' id='word_1_83' title='bbox 1359 1459 1427 1521; x_wconf 92' lang='lat' dir='ltr'>per·</span> <span class='ocrx_word' id='word_1_84' title='bbox 1442 1465 1465 1502; x_wconf 83' lang='lat' dir='ltr'>n</span> <span class='ocrx_word' id='word_1_85' title='bbox 1551 1429 1552 1456; x_wconf 52' lang='lat'><strong>¹</strong></span> 
     </span>
     <span class='ocr_line' id='line_1_12' title="bbox 279 1544 1428 1627; baseline 0 -20"><span class='ocrx_word' id='word_1_86' title='bbox 279 1548 413 1627; x_wconf 83' lang='lat' dir='ltr'>potuum</span> <span class='ocrx_word' id='word_1_87' title='bbox 436 1547 532 1626; x_wconf 90' lang='lat' dir='ltr'>atque</span> <span class='ocrx_word' id='word_1_88' title='bbox 560 1545 656 1607; x_wconf 88' lang='lat' dir='ltr'>etiam</span> <span class='ocrx_word' id='word_1_89' title='bbox 685 1564 741 1626; x_wconf 94' lang='lat' dir='ltr'>per</span> <span class='ocrx_word' id='word_1_90' title='bbox 764 1545 948 1627; x_wconf 88' lang='lat' dir='ltr'>prouincias</span> <span class='ocrx_word' id='word_1_91' title='bbox 976 1544 1191 1626; x_wconf 82' lang='lat' dir='ltr'>potestatibus</span> <span class='ocrx_word' id='word_1_92' title='bbox 1216 1544 1428 1609; x_wconf 87' lang='lat' dir='ltr'>demandauit.</span> 
     </span>
     <span class='ocr_line' id='line_1_13' title="bbox 281 1649 1430 1735; baseline 0 -21"><span class='ocrx_word' id='word_1_93' title='bbox 281 1649 379 1732; x_wconf 88' lang='lat' dir='ltr'>capiti</span> <span class='ocrx_word' id='word_1_94' title='bbox 403 1649 522 1733; x_wconf 89' lang='lat' dir='ltr'>Papiae</span> <span class='ocrx_word' id='word_1_95' title='bbox 545 1649 713 1734; x_wconf 88' lang='lat' dir='ltr'>Poppaeae</span> <span class='ocrx_word' id='word_1_96' title='bbox 740 1650 822 1735; x_wconf 81' lang='lat' dir='ltr'>legis</span> <span class='ocrx_word' id='word_1_97' title='bbox 851 1673 870 1714; x_wconf 90' lang='lat' dir='ltr'>a</span> <span class='ocrx_word' id='word_1_98' title='bbox 897 1649 1027 1715; x_wconf 79' lang='lat' dir='ltr'>Tiberio</span> <span class='ocrx_word' id='word_1_99' title='bbox 1052 1649 1199 1735; x_wconf 83' lang='lat' dir='ltr'>Caesare,</span> <span class='ocrx_word' id='word_1_100' title='bbox 1228 1652 1320 1730; x_wconf 88' lang='lat' dir='ltr'>quasi</span> <span class='ocrx_word' id='word_1_101' title='bbox 1343 1673 1430 1714; x_wconf 88' lang='lat' dir='ltr'>sexa-</span> 
     </span>
    </p>

    <p class='ocr_par' dir='ltr' id='par_1_5' title="bbox 247 1757 1554 2269">
     <span class='ocr_line' id='line_1_14' title="bbox 247 1757 1432 1843; baseline 0.003 -25"><span class='ocrx_word' id='word_1_102' title='bbox 247 1757 406 1842; x_wconf 72' lang='lat' dir='ltr'>sgenarii</span> <span class='ocrx_word' id='word_1_103' title='bbox 433 1778 584 1842; x_wconf 82' lang='lat' dir='ltr'>generare</span> <span class='ocrx_word' id='word_1_104' title='bbox 616 1778 682 1821; x_wconf 89' lang='lat' dir='ltr'>non</span> <span class='ocrx_word' id='word_1_105' title='bbox 710 1760 855 1841; x_wconf 82' lang='lat' dir='ltr'>possent,</span> <span class='ocrx_word' id='word_1_106' title='bbox 888 1757 997 1820; x_wconf 91' lang='lat' dir='ltr'>addito</span> <span class='ocrx_word' id='word_1_107' title='bbox 1031 1757 1212 1843; x_wconf 81' lang='lat' dir='ltr'>obrogauit.</span> <span class='ocrx_word' id='word_1_108' title='bbox 1259 1758 1367 1822; x_wconf 85' lang='lat' dir='ltr'>sanxit</span> <span class='ocrx_word' id='word_1_109' title='bbox 1395 1763 1432 1821; x_wconf 91' lang='lat' dir='ltr'>ut</span> 
     </span>
     <span class='ocr_line' id='line_1_15' title="bbox 279 1863 1431 1948; baseline 0.001 -20"><span class='ocrx_word' id='word_1_110' title='bbox 279 1864 412 1948; x_wconf 92' lang='lat' dir='ltr'>pupillis</span> <span class='ocrx_word' id='word_1_111' title='bbox 436 1867 526 1927; x_wconf 85' lang='lat' dir='ltr'>extra</span> <span class='ocrx_word' id='word_1_112' title='bbox 549 1863 692 1927; x_wconf 89' lang='lat' dir='ltr'>ordinem</span> <span class='ocrx_word' id='word_1_113' title='bbox 721 1866 845 1927; x_wconf 91' lang='lat' dir='ltr'>tutores</span> <span class='ocrx_word' id='word_1_114' title='bbox 874 1885 892 1925; x_wconf 88' lang='lat' dir='ltr'>a</span> <span class='ocrx_word' id='word_1_115' title='bbox 920 1863 1106 1928; x_wconf 91' lang='lat' dir='ltr'>consulibus</span> <span class='ocrx_word' id='word_1_116' title='bbox 1135 1863 1303 1947; x_wconf 89' lang='lat' dir='ltr'>darentur,</span> <span class='ocrx_word' id='word_1_117' title='bbox 1332 1869 1431 1947; x_wconf 91' lang='lat' dir='ltr'>utque</span> 
     </span>
     <span class='ocr_line' id='line_1_16' title="bbox 280 1969 1469 2056; baseline -0.002 -20"><span class='ocrx_word' id='word_1_118' title='bbox 280 1971 317 2056; x_wconf 93' lang='lat' dir='ltr'>ii,</span> <span class='ocrx_word' id='word_1_119' title='bbox 349 1970 467 2053; x_wconf 88' lang='lat' dir='ltr'>quibus</span> <span class='ocrx_word' id='word_1_120' title='bbox 499 1993 517 2032; x_wconf 87' lang='lat' dir='ltr'>a</span> <span class='ocrx_word' id='word_1_121' title='bbox 546 1969 789 2055; x_wconf 82' lang='lat' dir='ltr'>magistratibus</span> <span class='ocrx_word' id='word_1_122' title='bbox 822 1970 1006 2052; x_wconf 90' lang='lat' dir='ltr'>prouinciae</span> <span class='ocrx_word' id='word_1_123' title='bbox 1039 1970 1322 2056; x_wconf 85' lang='lat' dir='ltr'>interdicerentur,</span> <span class='ocrx_word' id='word_1_124' title='bbox 1351 1973 1429 2036; x_wconf 88' lang='lat' dir='ltr'>urbe</span> <span class='ocrx_word' id='word_1_125' title='bbox 1446 1995 1469 2035; x_wconf 81' lang='lat' dir='ltr'>u</span> 
     </span>
     <span class='ocr_line' id='line_1_17' title="bbox 282 2074 1554 2162; baseline 0 -20"><span class='ocrx_word' id='word_1_126' title='bbox 282 2098 410 2161; x_wconf 91' lang='lat' dir='ltr'>quoque</span> <span class='ocrx_word' id='word_1_127' title='bbox 430 2083 462 2141; x_wconf 91' lang='lat' dir='ltr'>et</span> <span class='ocrx_word' id='word_1_128' title='bbox 480 2074 575 2141; x_wconf 88' lang='lat' dir='ltr'>ltalia</span> <span class='ocrx_word' id='word_1_129' title='bbox 594 2080 881 2140; x_wconf 88' lang='lat' dir='ltr'>summouerentur.</span> <span class='ocrx_word' id='word_1_130' title='bbox 915 2076 983 2158; x_wconf 91' lang='lat' dir='ltr'>ipse</span> <span class='ocrx_word' id='word_1_131' title='bbox 1003 2076 1159 2160; x_wconf 88' lang='lat' dir='ltr'>quosdam</span> <span class='ocrx_word' id='word_1_132' title='bbox 1179 2100 1265 2142; x_wconf 91' lang='lat' dir='ltr'>nouo</span> <span class='ocrx_word' id='word_1_133' title='bbox 1283 2081 1430 2162; x_wconf 84' lang='lat' dir='ltr'>exemplo</span> <span class='ocrx_word' id='word_1_134' title='bbox 1553 2086 1554 2142; x_wconf 86' lang='lat' dir='ltr'>l</span> 
     </span>
     <span class='ocr_line' id='line_1_18' title="bbox 281 2181 1386 2269; baseline 0.002 -21"><span class='ocrx_word' id='word_1_135' title='bbox 281 2183 447 2269; x_wconf 89' lang='lat' dir='ltr'>relegauit,</span> <span class='ocrx_word' id='word_1_136' title='bbox 469 2186 506 2248; x_wconf 92' lang='lat' dir='ltr'>ut</span> <span class='ocrx_word' id='word_1_137' title='bbox 529 2184 615 2247; x_wconf 90' lang='lat' dir='ltr'>ultra</span> <span class='ocrx_word' id='word_1_138' title='bbox 632 2181 772 2265; x_wconf 85' lang='lat' dir='ltr'>lapidem</span> <span class='ocrx_word' id='word_1_139' title='bbox 795 2184 938 2246; x_wconf 87' lang='lat' dir='ltr'>tertium·</span> <span class='ocrx_word' id='word_1_140' title='bbox 951 2187 1076 2246; x_wconf 89' lang='lat' dir='ltr'>uetaret</span> <span class='ocrx_word' id='word_1_141' title='bbox 1099 2183 1207 2269; x_wconf 84' lang='lat' dir='ltr'>egredi</span> <span class='ocrx_word' id='word_1_142' title='bbox 1231 2185 1272 2248; x_wconf 88' lang='lat' dir='ltr'>ab</span> <span class='ocrx_word' id='word_1_143' title='bbox 1298 2186 1386 2250; x_wconf 85' lang='lat' dir='ltr'>urba.</span> 
     </span>
    </p>

    <p class='ocr_par' dir='ltr' id='par_1_6' title="bbox 230 2287 1474 3761">
     <span class='ocr_line' id='line_1_19' title="bbox 371 2287 1431 2375; baseline 0.002 -21"><span class='ocrx_word' id='word_1_144' title='bbox 371 2290 419 2354; x_wconf 90' lang='lat' dir='ltr'>De</span> <span class='ocrx_word' id='word_1_145' title='bbox 442 2289 563 2354; x_wconf 90' lang='lat' dir='ltr'>maiore</span> <span class='ocrx_word' id='word_1_146' title='bbox 586 2287 717 2375; x_wconf 86' lang='lat' dir='ltr'>negotio</span> <span class='ocrx_word' id='word_1_147' title='bbox 741 2292 871 2352; x_wconf 89' lang='lat' dir='ltr'>acturus</span> <span class='ocrx_word' id='word_1_148' title='bbox 893 2289 928 2352; x_wconf 95' lang='lat' dir='ltr'>in</span> <span class='ocrx_word' id='word_1_149' title='bbox 952 2288 1040 2354; x_wconf 86' lang='lat' dir='ltr'>ouria</span> <span class='ocrx_word' id='word_1_150' title='bbox 1063 2290 1188 2356; x_wconf 86' lang='lat' dir='ltr'>medius</span> <span class='ocrx_word' id='word_1_151' title='bbox 1211 2291 1297 2356; x_wconf 88' lang='lat' dir='ltr'>inter</span> <span class='ocrx_word' id='word_1_152' title='bbox 1321 2315 1431 2356; x_wconf 90' lang='lat' dir='ltr'>consu-</span> 
     </span>
     <span class='ocr_line' id='line_1_20' title="bbox 281 2395 1430 2464; baseline 0 -3"><span class='ocrx_word' id='word_1_153' title='bbox 281 2397 350 2462; x_wconf 92' lang='lat' dir='ltr'>lum</span> <span class='ocrx_word' id='word_1_154' title='bbox 374 2396 468 2462; x_wconf 87' lang='lat' dir='ltr'>sellas</span> <span class='ocrx_word' id='word_1_155' title='bbox 491 2395 666 2460; x_wconf 88' lang='lat' dir='ltr'>tribunicio</span> <span class='ocrx_word' id='word_1_156' title='bbox 690 2395 844 2460; x_wconf 90' lang='lat' dir='ltr'>subsellio</span> <span class='ocrx_word' id='word_1_157' title='bbox 872 2395 1012 2459; x_wconf 88' lang='lat' dir='ltr'>sedebat.</span> <span class='ocrx_word' id='word_1_158' title='bbox 1054 2402 1252 2461; x_wconf 89' lang='lat' dir='ltr'>commeatus</span> <span class='ocrx_word' id='word_1_159' title='bbox 1276 2421 1296 2461; x_wconf 91' lang='lat' dir='ltr'>a</span> <span class='ocrx_word' id='word_1_160' title='bbox 1319 2401 1430 2464; x_wconf 89' lang='lat' dir='ltr'>senatu</span> 
     </span>
     <span class='ocr_line' id='line_1_21' title="bbox 230 2498 1474 2588; baseline 0.003 -24"><span class='ocrx_word' id='word_1_161' title='bbox 230 2498 350 2588; x_wconf 77' lang='lat' dir='ltr'>24peti</span> <span class='ocrx_word' id='word_1_162' title='bbox 378 2503 492 2567; x_wconf 89' lang='lat' dir='ltr'>solitos</span> <span class='ocrx_word' id='word_1_163' title='bbox 522 2502 657 2566; x_wconf 89' lang='lat' dir='ltr'>benefici</span> <span class='ocrx_word' id='word_1_164' title='bbox 689 2502 740 2565; x_wconf 91' lang='lat' dir='ltr'>sui</span> <span class='ocrx_word' id='word_1_165' title='bbox 772 2502 857 2566; x_wconf 89' lang='lat' dir='ltr'>fecit.</span> <span class='ocrx_word' id='word_1_166' title='bbox 904 2508 1091 2566; x_wconf 90' lang='lat' dir='ltr'>ornamenta</span> <span class='ocrx_word' id='word_1_167' title='bbox 1123 2504 1305 2568; x_wconf 79' lang='lat' dir='ltr'>consularia</span> <span class='ocrx_word' id='word_1_168' title='bbox 1336 2505 1432 2570; x_wconf 93' lang='lat' dir='ltr'>etiam</span> <span class='ocrx_word' id='word_1_169' title='bbox 1449 2529 1474 2568; x_wconf 81' lang='lat' dir='ltr'>ao</span> 
     </span>
     <span class='ocr_line' id='line_1_22' title="bbox 282 2608 1430 2697; baseline 0.003 -25"><span class='ocrx_word' id='word_1_170' title='bbox 282 2609 545 2694; x_wconf 87' lang='lat' dir='ltr'>procuratoribus</span> <span class='ocrx_word' id='word_1_171' title='bbox 569 2609 748 2672; x_wconf 87' lang='lat' dir='ltr'>ducenariis</span> <span class='ocrx_word' id='word_1_172' title='bbox 772 2608 914 2673; x_wconf 87' lang='lat' dir='ltr'>indulsit.</span> <span class='ocrx_word' id='word_1_173' title='bbox 958 2610 1152 2674; x_wconf 87' lang='lat' dir='ltr'>senatoriam</span> <span class='ocrx_word' id='word_1_174' title='bbox 1172 2611 1365 2697; x_wconf 83' lang='lat' dir='ltr'>dignitatem</span> <span class='ocrx_word' id='word_1_175' title='bbox 1386 2635 1430 2676; x_wconf 86' lang='lat' dir='ltr'>re·</span> 
     </span>
     <span class='ocr_line' id='line_1_23' title="bbox 282 2715 1432 2802; baseline 0.002 -22"><span class='ocrx_word' id='word_1_176' title='bbox 282 2715 471 2780; x_wconf 88' lang='lat' dir='ltr'>cusantibus</span> <span class='ocrx_word' id='word_1_177' title='bbox 499 2720 680 2799; x_wconf 88' lang='lat' dir='ltr'>equestrem</span> <span class='ocrx_word' id='word_1_178' title='bbox 705 2737 832 2798; x_wconf 90' lang='lat' dir='ltr'>quoqne</span> <span class='ocrx_word' id='word_1_179' title='bbox 861 2715 988 2779; x_wconf 87' lang='lat' dir='ltr'>ademit.</span> <span class='ocrx_word' id='word_1_180' title='bbox 1028 2715 1130 2780; x_wconf 90' lang='lat' dir='ltr'>latum</span> <span class='ocrx_word' id='word_1_181' title='bbox 1156 2716 1298 2802; x_wconf 91' lang='lat' dir='ltr'>clauum,</span> <span class='ocrx_word' id='word_1_182' title='bbox 1324 2731 1432 2801; x_wconf 82' lang='lat' dir='ltr'>quam-</span> 
     </span>
     <span class='ocr_line' id='line_1_24' title="bbox 284 2821 1432 2888; baseline 0.002 -2"><span class='ocrx_word' id='word_1_183' title='bbox 284 2823 335 2888; x_wconf 87' lang='lat' dir='ltr'>uis</span> <span class='ocrx_word' id='word_1_184' title='bbox 358 2822 452 2886; x_wconf 90' lang='lat' dir='ltr'>initio</span> <span class='ocrx_word' id='word_1_185' title='bbox 476 2821 668 2886; x_wconf 87' lang='lat' dir='ltr'>affirmasset</span> <span class='ocrx_word' id='word_1_186' title='bbox 691 2843 756 2886; x_wconf 90' lang='lat' dir='ltr'>non</span> <span class='ocrx_word' id='word_1_187' title='bbox 779 2822 938 2886; x_wconf 92' lang='lat' dir='ltr'>lecturum</span> <span class='ocrx_word' id='word_1_188' title='bbox 958 2843 992 2884; x_wconf 90' lang='lat' dir='ltr'>se</span> <span class='ocrx_word' id='word_1_189' title='bbox 1011 2827 1191 2887; x_wconf 86' lang='lat' dir='ltr'>senatorem</span> <span class='ocrx_word' id='word_1_190' title='bbox 1210 2823 1274 2887; x_wconf 89' lang='lat' dir='ltr'>nisi</span> <span class='ocrx_word' id='word_1_191' title='bbox 1294 2825 1374 2888; x_wconf 90' lang='lat' dir='ltr'>ciuis</span> <span class='ocrx_word' id='word_1_192' title='bbox 1395 2825 1432 2888; x_wconf 86' lang='lat' dir='ltr'>lt.</span> 
     </span>
     <span class='ocr_line' id='line_1_25' title="bbox 284 2927 1431 3014; baseline 0 -20"><span class='ocrx_word' id='word_1_193' title='bbox 284 2929 484 3014; x_wconf 88' lang='lat' dir='ltr'>abnepotem,</span> <span class='ocrx_word' id='word_1_194' title='bbox 507 2929 605 2994; x_wconf 85' lang='lat' dir='ltr'>etiam</span> <span class='ocrx_word' id='word_1_195' title='bbox 627 2928 773 2994; x_wconf 88' lang='lat' dir='ltr'>libertini</span> <span class='ocrx_word' id='word_1_196' title='bbox 796 2928 864 2992; x_wconf 90' lang='lat' dir='ltr'>filio</span> <span class='ocrx_word' id='word_1_197' title='bbox 889 2927 1014 3011; x_wconf 85' lang='lat' dir='ltr'>tribuit,</span> <span class='ocrx_word' id='word_1_198' title='bbox 1039 2929 1095 2992; x_wconf 92' lang='lat' dir='ltr'>sed</span> <span class='ocrx_word' id='word_1_199' title='bbox 1115 2929 1174 2993; x_wconf 89' lang='lat' dir='ltr'>sub</span> <span class='ocrx_word' id='word_1_200' title='bbox 1195 2931 1383 2996; x_wconf 91' lang='lat' dir='ltr'>condicione</span> <span class='ocrx_word' id='word_1_201' title='bbox 1403 2931 1431 2994; x_wconf 89' lang='lat' dir='ltr'>si</span> 
     </span>
     <span class='ocr_line' id='line_1_26' title="bbox 284 3034 1474 3121; baseline 0 -20"><span class='ocrx_word' id='word_1_202' title='bbox 284 3037 374 3120; x_wconf 90' lang='lat' dir='ltr'>prius</span> <span class='ocrx_word' id='word_1_203' title='bbox 398 3036 438 3100; x_wconf 88' lang='lat' dir='ltr'>ab</span> <span class='ocrx_word' id='word_1_204' title='bbox 463 3036 569 3119; x_wconf 90' lang='lat' dir='ltr'>equite</span> <span class='ocrx_word' id='word_1_205' title='bbox 593 3034 630 3099; x_wconf 86' lang='lat' dir='ltr'>R.</span> <span class='ocrx_word' id='word_1_206' title='bbox 655 3035 826 3118; x_wconf 88' lang='lat' dir='ltr'>adoptatus</span> <span class='ocrx_word' id='word_1_207' title='bbox 849 3037 945 3118; x_wconf 71' lang='lat' dir='ltr'>esset,</span> <span class='ocrx_word' id='word_1_208' title='bbox 974 3055 1010 3098; x_wconf 87' lang='lat' dir='ltr'>ac</span> <span class='ocrx_word' id='word_1_209' title='bbox 1038 3036 1085 3098; x_wconf 91' lang='lat' dir='ltr'>sic</span> <span class='ocrx_word' id='word_1_210' title='bbox 1108 3057 1236 3119; x_wconf 91' lang='lat' dir='ltr'>quoque</span> <span class='ocrx_word' id='word_1_211' title='bbox 1264 3037 1432 3121; x_wconf 89' lang='lat' dir='ltr'>reprehen-</span> <span class='ocrx_word' id='word_1_212' title='bbox 1448 3061 1474 3101; x_wconf 76' lang='lat' dir='ltr'>aa</span> 
     </span>
     <span class='ocr_line' id='line_1_27' title="bbox 286 3139 1432 3228; baseline 0.003 -22"><span class='ocrx_word' id='word_1_213' title='bbox 286 3143 410 3209; x_wconf 88' lang='lat' dir='ltr'>sionem</span> <span class='ocrx_word' id='word_1_214' title='bbox 434 3145 555 3226; x_wconf 82' lang='lat' dir='ltr'>uerene,</span> <span class='ocrx_word' id='word_1_215' title='bbox 580 3146 612 3205; x_wconf 90' lang='lat' dir='ltr'>et</span> <span class='ocrx_word' id='word_1_216' title='bbox 626 3140 770 3224; x_wconf 83' lang='lat' dir='ltr'>Appium</span> <span class='ocrx_word' id='word_1_217' title='bbox 785 3139 922 3216; x_wconf 81' lang='lat' dir='ltr'>Caecum</span> <span class='ocrx_word' id='word_1_218' title='bbox 946 3162 1120 3224; x_wconf 85' lang='lat' dir='ltr'>censorem,</span> <span class='ocrx_word' id='word_1_219' title='bbox 1142 3143 1270 3228; x_wconf 83' lang='lat' dir='ltr'>generis</span> <span class='ocrx_word' id='word_1_220' title='bbox 1293 3144 1344 3207; x_wconf 87' lang='lat' dir='ltr'>sui</span> <span class='ocrx_word' id='word_1_221' title='bbox 1363 3167 1432 3227; x_wconf 87' lang='lat' dir='ltr'>pro-</span> 
     </span>
     <span class='ocr_line' id='line_1_28' title="bbox 286 3247 1432 3335; baseline 0 -21"><span class='ocrx_word' id='word_1_222' title='bbox 286 3254 462 3332; x_wconf 88' lang='lat' dir='ltr'>auctorem,</span> <span class='ocrx_word' id='word_1_223' title='bbox 495 3248 721 3312; x_wconf 87' lang='lat' dir='ltr'>libertinorum</span> <span class='ocrx_word' id='word_1_224' title='bbox 755 3247 840 3311; x_wconf 91' lang='lat' dir='ltr'>filios</span> <span class='ocrx_word' id='word_1_225' title='bbox 873 3247 907 3310; x_wconf 92' lang='lat' dir='ltr'>in</span> <span class='ocrx_word' id='word_1_226' title='bbox 944 3253 1091 3312; x_wconf 85' lang='lat' dir='ltr'>senatum</span> <span class='ocrx_word' id='word_1_227' title='bbox 1124 3248 1283 3335; x_wconf 82' lang='lat' dir='ltr'>adlegisse</span> <span class='ocrx_word' id='word_1_228' title='bbox 1316 3251 1432 3334; x_wconf 91' lang='lat' dir='ltr'>docuit,</span> 
     </span>
     <span class='ocr_line' id='line_1_29' title="bbox 286 3353 1432 3443; baseline -0.003 -21"><span class='ocrx_word' id='word_1_229' title='bbox 286 3358 418 3443; x_wconf 87' lang='lat' dir='ltr'>ignarus</span> <span class='ocrx_word' id='word_1_230' title='bbox 449 3354 649 3437; x_wconf 88' lang='lat' dir='ltr'>temporibus</span> <span class='ocrx_word' id='word_1_231' title='bbox 673 3353 760 3436; x_wconf 86' lang='lat' dir='ltr'>Appi</span> <span class='ocrx_word' id='word_1_232' title='bbox 792 3358 823 3416; x_wconf 86' lang='lat' dir='ltr'>et</span> <span class='ocrx_word' id='word_1_233' title='bbox 854 3353 1002 3437; x_wconf 88' lang='lat' dir='ltr'>deinceps</span> <span class='ocrx_word' id='word_1_234' title='bbox 1034 3353 1231 3438; x_wconf 88' lang='lat' dir='ltr'>aliquamdiu</span> <span class='ocrx_word' id='word_1_235' title='bbox 1264 3355 1432 3421; x_wconf 86' lang='lat' dir='ltr'>libertinos</span> 
     </span>
     <span class='ocr_line' id='line_1_30' title="bbox 288 3460 1433 3548; baseline 0.001 -22"><span class='ocrx_word' id='word_1_236' title='bbox 288 3463 391 3526; x_wconf 89' lang='lat' dir='ltr'>dictos</span> <span class='ocrx_word' id='word_1_237' title='bbox 418 3483 484 3524; x_wconf 90' lang='lat' dir='ltr'>non</span> <span class='ocrx_word' id='word_1_238' title='bbox 512 3462 614 3545; x_wconf 75' lang='lat' dir='ltr'>ipsoS,</span> <span class='ocrx_word' id='word_1_239' title='bbox 648 3461 703 3543; x_wconf 92' lang='lat' dir='ltr'>qui</span> <span class='ocrx_word' id='word_1_240' title='bbox 731 3482 828 3523; x_wconf 86' lang='lat' dir='ltr'>manu</span> <span class='ocrx_word' id='word_1_241' title='bbox 857 3460 1093 3544; x_wconf 90' lang='lat' dir='ltr'>emitterentur,</span> <span class='ocrx_word' id='word_1_242' title='bbox 1126 3462 1182 3525; x_wconf 91' lang='lat' dir='ltr'>sed</span> <span class='ocrx_word' id='word_1_243' title='bbox 1210 3463 1368 3548; x_wconf 83' lang='lat' dir='ltr'>ingenuos</span> <span class='ocrx_word' id='word_1_244' title='bbox 1396 3486 1433 3526; x_wconf 86' lang='lat' dir='ltr'>ex</span> 
     </span>
     <span class='ocr_line' id='line_1_31' title="bbox 254 3567 1474 3656; baseline 0.002 -29"><span class='ocrx_word' id='word_1_245' title='bbox 254 3569 340 3632; x_wconf 78' lang='lat' dir='ltr'>abis</span> <span class='ocrx_word' id='word_1_246' title='bbox 363 3573 557 3652; x_wconf 89' lang='lat' dir='ltr'>procreatos.</span> <span class='ocrx_word' id='word_1_247' title='bbox 600 3567 736 3652; x_wconf 84' lang='lat' dir='ltr'>collegio</span> <span class='ocrx_word' id='word_1_248' title='bbox 760 3571 967 3650; x_wconf 89' lang='lat' dir='ltr'>quaestorum</span> <span class='ocrx_word' id='word_1_249' title='bbox 986 3571 1206 3650; x_wconf 80' lang='lat' dir='ltr'>prostratura</span> <span class='ocrx_word' id='word_1_250' title='bbox 1223 3569 1348 3633; x_wconf 88' lang='lat' dir='ltr'>uiarum</span> <span class='ocrx_word' id='word_1_251' title='bbox 1369 3572 1432 3656; x_wconf 83' lang='lat' dir='ltr'>gla-</span> <span class='ocrx_word' id='word_1_252' title='bbox 1448 3593 1474 3632; x_wconf 83' lang='lat' dir='ltr'>so</span> 
     </span>
     <span class='ocr_line' id='line_1_32' title="bbox 289 3672 1434 3761; baseline 0.003 -24"><span class='ocrx_word' id='word_1_253' title='bbox 289 3675 461 3739; x_wconf 82' lang='lat' dir='ltr'>dictoriam</span> <span class='ocrx_word' id='word_1_254' title='bbox 487 3696 604 3736; x_wconf 90' lang='lat' dir='ltr'>munus</span> <span class='ocrx_word' id='word_1_255' title='bbox 625 3674 767 3738; x_wconf 88' lang='lat' dir='ltr'>iniunxit</span> <span class='ocrx_word' id='word_1_256' title='bbox 786 3674 991 3756; x_wconf 88' lang='lat' dir='ltr'>detractaque</span> <span class='ocrx_word' id='word_1_257' title='bbox 1011 3672 1153 3738; x_wconf 89' lang='lat' dir='ltr'>Ostiensi</span> <span class='ocrx_word' id='word_1_258' title='bbox 1172 3679 1204 3739; x_wconf 90' lang='lat' dir='ltr'>et</span> <span class='ocrx_word' id='word_1_259' title='bbox 1223 3674 1345 3739; x_wconf 81' lang='lat' dir='ltr'>Gallica</span> <span class='ocrx_word' id='word_1_260' title='bbox 1364 3700 1434 3761; x_wconf 90' lang='lat' dir='ltr'>pro-</span> 
     </span>
    </p>
   </div>
   <div class='ocr_carea' id='block_1_4' title="bbox 290 3955 1435 4348">
    <p class='ocr_par' dir='ltr' id='par_1_7' title="bbox 290 3955 1435 4348">
     <span class='ocr_line' id='line_1_33' title="bbox 380 3955 1435 4024; baseline 0.002 -14"><span class='ocrx_word' id='word_1_261' title='bbox 380 3965 394 4010; x_wconf 75' lang='grc' dir='ltr'><strong>ὁ</strong></span> <span class='ocrx_word' id='word_1_262' title='bbox 410 3974 462 4010; x_wconf 88' lang='lat' dir='ltr'>aue</span> <span class='ocrx_word' id='word_1_263' title='bbox 474 3957 545 4010; x_wconf 82' lang='lat' dir='ltr'>lietb</span> <span class='ocrx_word' id='word_1_264' title='bbox 556 3955 613 4024; x_wconf 83' lang='lat' dir='ltr'>(aui</span> <span class='ocrx_word' id='word_1_265' title='bbox 628 3957 763 4022; x_wconf 72' lang='lat' dir='ltr'>Parcet),</span> <span class='ocrx_word' id='word_1_266' title='bbox 775 3957 824 4006; x_wconf 86' lang='lat' dir='ltr'>aut</span> <span class='ocrx_word' id='word_1_267' title='bbox 835 3957 872 4008; x_wconf 89' lang='lat' dir='ltr'><em>M</em></span> <span class='ocrx_word' id='word_1_268' title='bbox 873 3955 960 4020; x_wconf 85' lang='lat' dir='ltr'>GLP,</span> <span class='ocrx_word' id='word_1_269' title='bbox 975 3955 1065 4008; x_wconf 91' lang='lat' dir='ltr'>autin</span> <span class='ocrx_word' id='word_1_270' title='bbox 1075 3955 1143 4009; x_wconf 87' lang='lat' dir='ltr'>urbe</span> <span class='ocrx_word' id='word_1_271' title='bbox 1153 3959 1204 4010; x_wconf 90' lang='lat' dir='ltr'>aut</span> <span class='ocrx_word' id='word_1_272' title='bbox 1217 3955 1277 4010; x_wconf 83' lang='grc' dir='ltr'>ΤὈ</span> <span class='ocrx_word' id='word_1_273' title='bbox 1332 3964 1347 4012; x_wconf 89' lang='grc'>6</span> <span class='ocrx_word' id='word_1_274' title='bbox 1363 3976 1435 4012; x_wconf 92' lang='lat' dir='ltr'>com-</span> 
     </span>
     <span class='ocr_line' id='line_1_34' title="bbox 290 4035 1401 4106; baseline 0.003 -16"><span class='ocrx_word' id='word_1_275' title='bbox 290 4038 397 4091; x_wconf 90' lang='lat' dir='ltr'>monito</span> <span class='ocrx_word' id='word_1_276' title='bbox 414 4044 476 4105; x_wconf 81' lang='lat' dir='ltr'>post</span> <span class='ocrx_word' id='word_1_277' title='bbox 493 4035 635 4104; x_wconf 85' lang='lat' dir='ltr'>pontilicis</span> <span class='ocrx_word' id='word_1_278' title='bbox 651 4037 714 4090; x_wconf 66' lang='lat' dir='ltr'>adil.</span> <span class='ocrx_word' id='word_1_279' title='bbox 728 4039 759 4099; x_wconf 75' lang='lat' dir='ltr'>T,</span> <span class='ocrx_word' id='word_1_280' title='bbox 779 4039 971 4088; x_wconf 90' lang='lat' dir='ltr'>commonente</span> <span class='ocrx_word' id='word_1_281' title='bbox 987 4038 1092 4104; x_wconf 64' lang='lat' dir='ltr'>l-uente</span> <span class='ocrx_word' id='word_1_282' title='bbox 1107 4037 1141 4104; x_wconf 63' lang='lat' dir='ltr'>lb</span> <span class='ocrx_word' id='word_1_283' title='bbox 1152 4036 1227 4090; x_wconf 73' lang='lat' dir='ltr'>Sor</span> <span class='ocrx_word' id='word_1_284' title='bbox 1277 4037 1401 4106; x_wconf 83' lang='lat' dir='ltr'>pauloG</span> 
     </span>
     <span class='ocr_line' id='line_1_35' title="bbox 291 4116 1435 4186; baseline 0.002 -15"><span class='ocrx_word' id='word_1_285' title='bbox 291 4121 430 4172; x_wconf 88' lang='lat' dir='ltr'>summota</span> <span class='ocrx_word' id='word_1_286' title='bbox 447 4118 472 4170; x_wconf 83' lang='lat' dir='ltr'><em>G</em></span> <span class='ocrx_word' id='word_1_287' title='bbox 492 4121 555 4185; x_wconf 84' lang='lat' dir='ltr'>(que</span> <span class='ocrx_word' id='word_1_288' title='bbox 570 4117 620 4170; x_wconf 83' lang='lat' dir='ltr'>del.</span> <span class='ocrx_word' id='word_1_289' title='bbox 636 4118 716 4170; x_wconf 83' lang='lat' dir='ltr'>etium</span> <span class='ocrx_word' id='word_1_290' title='bbox 731 4117 856 4184; x_wconf 77' lang='lat' dir='ltr'>Bentley)</span> <span class='ocrx_word' id='word_1_291' title='bbox 931 4122 963 4168; x_wconf 80' lang='lat'>12</span> <span class='ocrx_word' id='word_1_292' title='bbox 982 4116 1040 4185; x_wconf 87' lang='lat' dir='ltr'>legi</span> <span class='ocrx_word' id='word_1_293' title='bbox 1053 4116 1169 4186; x_wconf 72' lang='lat' dir='ltr'>Bentley</span> <span class='ocrx_word' id='word_1_294' title='bbox 1234 4123 1267 4172; x_wconf 85' lang='lat'>13</span> <span class='ocrx_word' id='word_1_295' title='bbox 1286 4118 1387 4172; x_wconf 85' lang='lat' dir='ltr'>addita</span> <span class='ocrx_word' id='word_1_296' title='bbox 1403 4119 1435 4182; x_wconf 77' lang='lat' dir='ltr'>G,</span> 
     </span>
     <span class='ocr_line' id='line_1_36' title="bbox 291 4195 1435 4271; baseline 0.003 -21"><span class='ocrx_word' id='word_1_297' title='bbox 291 4198 388 4251; x_wconf 86' lang='lat' dir='ltr'>abdito</span> <span class='ocrx_word' id='word_1_298' title='bbox 399 4197 448 4262; x_wconf 79' lang='lat'>11²,</span> <span class='ocrx_word' id='word_1_299' title='bbox 463 4195 556 4250; x_wconf 88' lang='lat' dir='ltr'>edicto</span> <span class='ocrx_word' id='word_1_300' title='bbox 569 4200 597 4248; x_wconf 90' lang='lat' dir='ltr'><em>X</em></span> <span class='ocrx_word' id='word_1_301' title='bbox 648 4195 865 4263; x_wconf 82' lang='lat' dir='ltr'>abrogauitGT</span> <span class='ocrx_word' id='word_1_302' title='bbox 916 4196 1101 4265; x_wconf 85' lang='lat' dir='ltr'>sanxitqueG</span> <span class='ocrx_word' id='word_1_303' title='bbox 1159 4202 1190 4249; x_wconf 86' lang='grc'>19</span> <span class='ocrx_word' id='word_1_304' title='bbox 1205 4197 1435 4271; x_wconf 84' lang='lat' dir='ltr'>tribunicio&lt;ue&gt;</span> 
     </span>
     <span class='ocr_line' id='line_1_37' title="bbox 292 4275 1435 4348; baseline 0 -16"><span class='ocrx_word' id='word_1_305' title='bbox 292 4280 453 4343; x_wconf 79' lang='lat' dir='ltr'>Moraaraea,</span> <span class='ocrx_word' id='word_1_306' title='bbox 468 4275 560 4348; x_wconf 85' lang='lat' dir='ltr'>&lt;sella</span> <span class='ocrx_word' id='word_1_307' title='bbox 575 4275 642 4347; x_wconf 87' lang='lat' dir='ltr'>uel&gt;</span> <span class='ocrx_word' id='word_1_308' title='bbox 657 4276 808 4330; x_wconf 92' lang='lat' dir='ltr'>tribunicio</span> <span class='ocrx_word' id='word_1_309' title='bbox 823 4277 930 4331; x_wconf 77' lang='lat' dir='ltr'>Smtlda</span> <span class='ocrx_word' id='word_1_310' title='bbox 992 4283 1025 4328; x_wconf 72' lang='grc'>22</span> <span class='ocrx_word' id='word_1_311' title='bbox 1043 4278 1141 4332; x_wconf 89' lang='lat' dir='ltr'>flatum</span> <span class='ocrx_word' id='word_1_312' title='bbox 1158 4279 1219 4332; x_wconf 76' lang='grc' dir='ltr'>ΜΘ</span> <span class='ocrx_word' id='word_1_313' title='bbox 1284 4284 1317 4332; x_wconf 78' lang='lat'>25</span> <span class='ocrx_word' id='word_1_314' title='bbox 1335 4279 1364 4334; x_wconf 84' lang='lat' dir='ltr'>R.</span> <span class='ocrx_word' id='word_1_315' title='bbox 1384 4291 1435 4345; x_wconf 72' lang='lat' dir='ltr'>(ro-</span> 
     </span>
    </p>
   </div>
   <div class='ocr_carea' id='block_1_5' title="bbox 291 4356 1436 4509">
    <p class='ocr_par' dir='ltr' id='par_1_8' title="bbox 291 4356 1436 4509">
     <span class='ocr_line' id='line_1_38' title="bbox 291 4356 1436 4430; baseline 0.004 -20"><span class='ocrx_word' id='word_1_316' title='bbox 291 4374 374 4410; x_wconf 90' lang='lat' dir='ltr'>mano</span> <span class='ocrx_word' id='word_1_317' title='bbox 395 4358 427 4424; x_wconf 82' lang='lat' dir='ltr'>S)</span> <span class='ocrx_word' id='word_1_318' title='bbox 447 4374 497 4410; x_wconf 85' lang='lat' dir='ltr'>om.</span> <span class='ocrx_word' id='word_1_319' title='bbox 519 4356 626 4425; x_wconf 74' lang='lat' dir='ltr'>GH¹Qa</span> <span class='ocrx_word' id='word_1_320' title='bbox 717 4362 750 4408; x_wconf 79' lang='lat'>‘26</span> <span class='ocrx_word' id='word_1_321' title='bbox 769 4361 944 4424; x_wconf 89' lang='lat' dir='ltr'>proactorem</span> <span class='ocrx_word' id='word_1_322' title='bbox 963 4358 990 4422; x_wconf 76' lang='lat' dir='ltr'>S,</span> <span class='ocrx_word' id='word_1_323' title='bbox 1015 4362 1158 4412; x_wconf 86' lang='lat' dir='ltr'>auctorem</span> <span class='ocrx_word' id='word_1_324' title='bbox 1177 4376 1228 4426; x_wconf 82' lang='grc' dir='ltr'>ρς,</span> <span class='ocrx_word' id='word_1_325' title='bbox 1252 4359 1301 4412; x_wconf 83' lang='lat' dir='ltr'>del.</span> <span class='ocrx_word' id='word_1_326' title='bbox 1322 4361 1436 4430; x_wconf 77' lang='lat' dir='ltr'>Bentley</span> 
     </span>
     <span class='ocr_line' id='line_1_39' title="bbox 292 4437 1435 4509; baseline 0.001 -18"><span class='ocrx_word' id='word_1_327' title='bbox 292 4439 379 4507; x_wconf 76' lang='lat' dir='ltr'>irpeas</span> <span class='ocrx_word' id='word_1_328' title='bbox 398 4444 479 4490; x_wconf 74' lang='lat' dir='ltr'>aratra</span> <span class='ocrx_word' id='word_1_329' title='bbox 494 4439 636 4488; x_wconf 87' lang='lat' dir='ltr'>auctorem</span> <span class='ocrx_word' id='word_1_330' title='bbox 648 4452 700 4504; x_wconf 83' lang='lat' dir='ltr'>pro</span> <span class='ocrx_word' id='word_1_331' title='bbox 715 4451 858 4489; x_wconf 88' lang='lat' dir='ltr'>censorem</span> <span class='ocrx_word' id='word_1_332' title='bbox 913 4443 945 4489; x_wconf 80' lang='lat'>29</span> <span class='ocrx_word' id='word_1_333' title='bbox 962 4437 1139 4492; x_wconf 84' lang='lat' dir='ltr'>mitterentur</span> <span class='ocrx_word' id='word_1_334' title='bbox 1156 4439 1233 4509; x_wconf 62' lang='grc' dir='ltr'>9(ιή</span> <span class='ocrx_word' id='word_1_335' title='bbox 1248 4441 1276 4494; x_wconf 93' lang='lat' dir='ltr'><em>P</em></span> <span class='ocrx_word' id='word_1_336' title='bbox 1288 4455 1302 4492; x_wconf 84' lang='lat' dir='ltr'>e</span> <span class='ocrx_word' id='word_1_337' title='bbox 1316 4457 1350 4494; x_wconf 82' lang='lat' dir='ltr'>ss.</span> <span class='ocrx_word' id='word_1_338' title='bbox 1366 4458 1399 4493; x_wconf 82' lang='lat' dir='ltr'>ru.</span> <span class='ocrx_word' id='word_1_339' title='bbox 1411 4443 1435 4506; x_wconf 76' lang='lat'>1)</span> 
     </span>
    </p>
   </div>
   <div class='ocr_carea' id='block_1_6' title="bbox 0 0 1598 5100">
    <p class='ocr_par' dir='ltr' id='par_1_9' title="bbox 0 0 1598 5100">
     <span class='ocr_line' id='line_1_40' title="bbox 0 0 1598 5100; baseline 0 0"><span class='ocrx_word' id='word_1_340' title='bbox 0 0 1598 5100; x_wconf 95' lang='lat' dir='ltr'> </span> 
     </span>
    </p>
   </div>
  </div>
 </body>
</html>
