3136 5100
634 354 734 409 NERO
756 366 820 415 [cnr.
837 341 916 414 1-51‘
974 387 977 394 .
1278 351 1344 414 233

191 521 376 604 propinqua
399 519 463 583 sibi
486 519 678 604 cognatione
702 519 828 582 iunctos
852 517 1055 600 contulisset,
1078 519 1153 599 post
1175 515 1344 596 utriusque

192 627 360 690 interitum
384 625 519 690 classem
544 626 622 689 olim
647 624 849 689 commissam
874 625 1017 707 retinuit,
1041 624 1131 686 auxit
1154 622 1261 703 etiam,
1284 643 1343 685 nec

143 822 145 826 Α
190 735 253 796 nisi
279 734 425 817 partibus
448 733 569 816 ubique
592 731 772 817 profligatis
791 731 834 796 M.
849 731 993 795 Antonio
1018 734 1132 814 sponte
1152 733 1184 792 at
1201 728 1343 814 ingentis

189 841 299 904 meriti
323 840 394 904 loco
418 840 559 904 tradidit.
608 839 759 922 solusque
783 839 927 902 omnium
955 859 995 900 ex
1019 838 1071 919 iis,
1101 837 1155 920 qui
1179 836 1250 921 pari
1273 837 1380 920 legea

166 972 178 1009 a
194 947 338 1012 damnati
353 951 451 1030 erant,
465 948 635 1010 restitutus
650 948 684 1010 in
697 946 836 1031 patriam
851 945 1068 1028 amplissimos
1082 944 1221 1008 honores
1234 964 1344 1027 percu-

192 1053 310 1136 currit3
334 1075 370 1117 ac
394 1053 529 1117 subinde
548 1051 767 1138 redintegrata
787 1053 985 1116 dissensione
1004 1051 1102 1134 ciuili,
1126 1051 1228 1113 eidem
1244 1049 1344 1122 Anto-

191 1157 257 1223 nio
271 1161 407 1245 legatus,
432 1160 570 1224 delatam
595 1160 656 1222 sibi
681 1181 839 1222 summam
858 1159 987 1243 imperii
1011 1158 1051 1220 ab
1076 1158 1129 1241 iis,
1154 1177 1234 1239 quos
1255 1155 1345 1220 Cleo-

192 1272 304 1350 patrae
317 1268 468 1352 pudebat,
483 1289 587 1350 neque
606 1267 766 1349 suscipere
780 1287 884 1349 neque
903 1286 1050 1329 recusare
1063 1264 1199 1326 fidenter
1213 1267 1346 1346 propter

193 1374 333 1437 subitam
353 1373 564 1437 ualitudinem
585 1395 690 1456 ausus,
714 1373 844 1438 transiit
863 1373 902 1435 ad
921 1370 1106 1456 Augustum
1127 1369 1213 1433 etin
1232 1369 1344 1432 diebus

154 1507 180 1544 ιο
195 1482 307 1564 paucis
327 1481 417 1564 obiit,
436 1480 593 1544 nonnulla
612 1485 643 1544 et
662 1480 732 1562 ipsc
751 1479 883 1543 infamia
903 1499 1058 1562 aspersus.
1088 1500 1163 1542 nam
1183 1476 1344 1540 Antonius

194 1608 267 1651 eum
292 1587 448 1652 desiderio
473 1587 593 1652 amicae
617 1586 774 1651 Seruiliae
790 1585 911 1650 'Naidis
934 1586 1147 1671 transfugisse
1170 1584 1310 1647 iactauit.
1364 1567 1370 1583 ’

282 1694 333 1758 Ex
356 1694 418 1757 hoc
441 1693 605 1758 Domitius
629 1695 781 1777 nascitur,
805 1715 900 1776 quem
924 1697 1103 1776 emptorem
1127 1691 1269 1756 familiae
1292 1685 1383 1774 pe-4

195 1802 370 1884 cuniaequc
398 1801 433 1863 in
461 1804 655 1864 testamento
678 1799 821 1885 Augusti
849 1800 948 1864 fuisse
971 1821 1046 1862 mox
1071 1797 1171 1883 uulgo
1195 1801 1343 1860 notatum

194 1911 256 1990 est,
286 1930 352 1971 non
382 1908 488 1972 minus
520 1907 688 1992 aurigandi
718 1911 786 1970 arte
814 1907 849 1970 in
878 1905 1094 1970 adulescentia
1119 1903 1223 1967 clarus
1249 1925 1343 1985 quam

154 2037 179 2078 m
195 2014 308 2077 deinde
333 2015 529 2077 ornamentis
553 2014 804 2097 triumphalibus
827 2036 865 2077 ex
886 2011 1077 2077 Germanico
1096 2011 1191 2075 bello.
1233 2032 1345 2072 uerum

194 2141 357 2206 arrogans,
371 2120 534 2204 profusus,
549 2121 684 2184 immitis
698 2141 863 2184 censorem
878 2119 913 2183 L.
928 2119 1083 2183 Plancum
1104 2119 1157 2182 uia
1177 2118 1238 2182 sibi
1257 2117 1346 2180 dece-

194 2228 269 2291 dere
296 2227 407 2292 aedilis
436 2225 556 2312 coegit,
591 2231 760 2312 praeturae
790 2227 1039 2309 consulatusque
1068 2225 1192 2289 honore
1222 2223 1345 2306 equites

194 2334 232 2398 R.
257 2339 484 2418 matronasque
515 2334 555 2397 ad
585 2335 744 2418 agendum
777 2334 913 2398 mimum
943 2334 1097 2418 produxit
1126 2332 1159 2395 iu
1191 2351 1344 2395 scaenam.

195 2442 382 2506 uenationes
407 2447 446 2506 et.
463 2443 497 2505 in
525 2442 609 2506 circo
634 2443 723 2504 etin
747 2441 897 2505 omnibus
920 2441 1009 2504 urbis
1037 2439 1225 2524 regionibus
1249 2438 1347 2516 dedit,

154 2572 180 2612 ac
194 2571 312 2614 munus
332 2550 429 2614 etiam
449 2545 686 2634 gladiatorium,
706 2548 760 2611 sed
779 2552 869 2610 tanta
888 2549 1031 2631 saeuitia,
1045 2551 1082 2610 ut
1100 2568 1228 2611 necesse
1247 2545 1346 2609 fuerit

195 2656 344 2743 Augusto
369 2657 451 2721 clam
479 2657 599 2720 frustra
623 2655 782 2718 monitum
812 2655 915 2719 edicto
945 2677 1097 2718 coercere.
1139 2677 1179 2717 ex
1203 2645 1384 2716 Antoniab

195 2764 316 2828 maiore
343 2768 467 2847 patrem
492 2761 632 2825 Neronis
660 2763 843 2844 procreauit
867 2763 956 2825 omni
984 2765 1076 2845 parte
1100 2762 1187 2824 uitae
1212 2761 1346 2824 detesta-

195 2871 308 2955 bilem,
346 2869 501 2953 ciquidem
546 2890 652 2932 comes
691 2867 728 2930 ad
768 2866 932 2931 Orientem
973 2866 1006 2931 C.
1031 2865 1174 2931 Caesaris
1213 2868 1346 2949 iuuenis,

197 2979 302 3042 occiso
325 2977 443 3041 liberto
468 2998 534 3059 suc,
559 2975 645 3058 quod
668 2978 781 3058 potare
800 2979 956 3056 quantum
981 2974 1153 3037 iubebatur
1176 2978 1346 3045 recusarat,

156 3105 183 3145 as
198 3086 349 3150 dimissus
373 3105 390 3146 e
415 3083 548 3148 cohorte
576 3082 753 3146 amicorum
780 3081 883 3144 nihilo
912 3080 1089 3144 modestius
1112 3080 1208 3163 uixit,
1237 3080 1292 3143 sed
1316 3084 1348 3141 et

197 3192 233 3255 in
259 3192 330 3255 uiae
358 3189 484 3273 Appiae
513 3189 587 3253 uico
616 3192 747 3271 repente
778 3209 913 3271 puerum
945 3187 1051 3250 citatis
1082 3187 1233 3251 iumentis
1262 3187 1348 3248 haud

198 3301 328 3383 ignarus
354 3297 489 3360 obtriuit
513 3299 545 3359 et
563 3295 686 3359 Romae
709 3294 815 3358 medio
838 3295 910 3358 foro
935 3293 1060 3357 cuidam
1084 3294 1184 3376 equiti
1209 3293 1246 3356 a.
1270 3292 1347 3356 libe-

198 3406 264 3468 rius
283 3398 426 3490 iurganti
441 3404 570 3467 oculum
589 3403 686 3484 eruit,
706 3400 859 3484 perfidiae
877 3422 954 3464 uero
974 3405 1090 3483 tantae,
1110 3404 1146 3463 ut
1166 3422 1231 3462 nou
1249 3398 1345 3462 modo
1366 3409 1382 3454 2

187 3511 397 3596 argentarios
417 3509 529 3592 pretiis
549 3531 655 3572 rerum
675 3512 904 3590 coemptarum,
925 3507 980 3571 sed
999 3511 1031 3569 et
1050 3507 1083 3570 in
1097 3511 1249 3591 praetura
1267 3527 1347 3570 mer-

158 3638 185 3678 ac
200 3619 275 3683 cede
290 3618 470 3701 palmarum
491 3616 669 3700 aurigarios
684 3614 891 3697 fraudauerit,
911 3617 1043 3677 notatus
1060 3613 1102 3676 ob
1119 3612 1198 3676 haec
1215 3618 1247 3677 et
1261 3634 1347 3675 soro-

198 3725 372 3832 risg'oco<
374 3775 449 3788 ......
450 3726 470 3806 >
494 3722 701 3806 querentibus
723 3721 862 3784 dominis
882 3720 1059 3784 factionum
1080 3719 1348 3803 repraesentanda

271 3934 285 3979 3
306 3926 372 3997 nisi]
393 3925 448 3980 sibi
464 3927 501 3980 M
554 3930 569 3977 8
589 3941 651 3994 neq.
667 3939 795 3976 recusare
814 3940 875 3991 neq,
896 3922 1037 3990 suscipere
1056 3923 1144 3978 Pelet·
1200 3927 1232 3974 15
1251 3920 1347 3974 trium-

198 4006 331 4078 phalibus
347 4006 560 4060 ornamentisG
617 4009 649 4056 16
667 4003 714 4057 uia
729 4006 822 4072 (ΜΤ
875 4009 908 4056 19
924 4003 1015 4055 edidit
1029 4004 1145 4071 Bentley
1201 4008 1234 4055 24
1248 4003 1348 4070 putare

201 4089 244 4154 M,
263 4090 375 4156 portare
391 4086 430 4140 L¹
481 4092 514 4138 26
534 4087 679 4154 repentem
698 4085 715 4136 δ
734 4083 871 4151 (Gujelus,
891 4084 1017 4152 Bentley)
1072 4083 1142 4136 haut
1161 4081 1245 4136 Mas
1259 4083 1299 4149 (ia
1314 4082 1352 4134 M

198 4167 691 4236 humuluauuecouieisipuipieuas)
748 4170 779 4216 ‘27
792 4180 895 4234 gnarus
907 4165 994 4218 MRd
1045 4163 1138 4217 obruit
1148 4163 1229 4216 Por
1245 4157 1259 4220 γ’
1277 4168 1309 4214 29
1321 4163 1350 4216 et
1372 4169 1373 4174 ’

200 4266 250 4302 om.
267 4249 304 4301 M
356 4253 390 4301 30
410 4247 523 4317 sororis]
539 4245 665 4299 Caesaris
686 4245 786 4310 Uesta,
803 4243 922 4298 Neronis
938 4243 1064 4296 Caesaris
1082 4244 1151 4297 Oud.
1208 4247 1239 4296 31
1256 4241 1348 4300 iocos

200 4329 371 4398 (Sabellicus)
386 4335 411 4382 et
419 4330 459 4382 sie
472 4329 529 4381 ium
543 4327 574 4379 ia
585 4327 610 4380 R
620 4343 654 4379 aa.
661 4342 714 4394 pro
724 4343 751 4378 u.
764 4326 789 4389 t,
799 4324 860 4378 loco
872 4327 897 4376 a
964 4331 1028 4378 cate
1043 4322 1225 4392 querentibus
1240 4325 1348 4392 (quaer-

201 4410 275 4478 MR)
289 4410 378 4478 suppl.
394 4407 511 4480 <quae>
528 4408 654 4471 Cascub,
674 4404 766 4477 <qui>
782 4405 873 4458 Ursic.
890 4404 991 4473 (Oua),
1010 4411 1040 4457 ut
1055 4405 1138 4471 plura
1153 4404 1239 4458 deesse
1253 4402 1349 4456 uidea-

200 4496 255 4554 mr,
275 4489 326 4560 <et
344 4478 446 4542 Tiberi
458 4488 550 4541 edicto
570 4487 640 4558 qui>
656 4501 765 4554 propos.
781 4486 914 4542 Bc'r'eheler
985 4485 1149 4553 repsentata
1164 4484 1191 4536 R
