3142 5112
252 360 315 423 102
601 359 629 414 O.
650 359 807 414 SVETONI
825 360 1048 426 TRANQVILLI

250 523 355 587 dicula
379 523 554 587 inuolutus.
592 525 692 589 animi
713 524 843 588 laxandi
862 545 957 588 causa
975 524 1072 588 modo
1092 525 1276 608 piscabatur
1294 526 1408 610 hamo,

192 669 194 674 ·
250 631 346 694 modo
375 629 450 693 talis
479 635 534 693 aut
562 630 707 695 ocellatis
735 631 934 713 nucibusque
962 630 1093 696 ludebat
1117 653 1189 696 cum
1212 633 1318 716 pueris
1344 635 1408 696 mi-

250 738 348 820 nutis,
372 757 453 819 quos
477 736 558 801 facie
582 741 614 800 et
637 738 826 822 garrulitate
851 737 998 801 amabilis
1022 738 1163 820 undique
1183 739 1408 822 conquirebat,

249 843 421 927 praecipue
445 844 576 908 Mauros
600 849 632 908 et
656 843 762 927 Syros.
801 856 878 908 'nam
902 845 1043 928 pumilos
1072 849 1168 927 atque
1192 845 1345 910 distortos
1369 851 1407 910 et

250 951 355 1014 omnis
383 952 509 1036 generis
538 951 679 1014 eiusdem
713 955 749 1014 ut
781 947 921 1038 ludibria
949 956 1082 1016 naturae
1113 951 1253 1034 malique
1284 953 1406 1016 ominis
1441 979 1455 1017 s

245 1056 454 1122 abhorrebat.

195 1155 243 1226 '84
318 1162 570 1254 Eloquentiam
599 1164 768 1247 studiaque
794 1163 942 1228 liberalia
969 1163 1008 1227 ab
1038 1167 1141 1228 aetate
1165 1167 1270 1249 prima
1293 1170 1324 1229 et
1348 1187 1406 1230 cu-

248 1269 323 1354 pide
342 1265 644 1334 et'laboriosissime
664 1271 815 1336 exercuit.
857 1269 1033 1335 Mutinensi
1049 1270 1135 1336 bello
1156 1273 1188 1335 in
1207 1276 1297 1336 tanta
1315 1275 1406 1338 mole

248 1397 355 1440 rerum
384 1381 416 1440 et
442 1379 560 1462 legisse
589 1383 620 1441 et
648 1378 813 1461 scripsisse
837 1382 869 1441 et
892 1377 1085 1442 declamasse
1113 1378 1231 1443 cotidie
1254 1380 1405 1446 traditur.

248 1505 324 1546 nam
352 1483 503 1567 deinceps
532 1507 636 1566 neque
665 1485 699 1548 in
727 1488 839 1548 senatu
867 1506 971 1567 neque
1001 1485 1083 1568 apud
1113 1487 1269 1569 populum
1297 1510 1456 1571 nequem

249 1589 336 1673 apud
358 1589 477 1653 milites
501 1591 629 1654 locutus
653 1596 701 1655 est
724 1613 878 1674 umquam
902 1593 965 1655 nisi
987 1592 1141 1656 meditata
1167 1598 1198 1657 et
1222 1595 1406 1678 composita

249 1697 407 1779 oratione,
436 1698 583 1779 quamuis
611 1720 676 1762 non
705 1697 894 1762 deficeretur
922 1699 961 1762 ad
989 1699 1095 1762 subita
1123 1688 1332 1783 extemporali
1355 1702 1406 1765 fa-

213 1802 376 1868 acultate.
419 1823 456 1866 ac
483 1826 523 1867 ne
552 1806 731 1887 periculum
762 1805 932 1869 memoriae
962 1805 1064 1869 adiret
1093 1809 1148 1869 aut
1171 1807 1206 1870 in
1229 1807 1404 1873 ediscendo

248 1913 376 1992 tempus
400 1911 591 1994 absumeret,
614 1911 757 1974 instituit
779 1912 912 1976 recitare
932 1913 1048 1976 omnia.
1090 1935 1253 1978 sermones
1273 1937 1404 1998 quoque

249 2038 322 2081 cnm
347 2017 483 2102 singulis
515 2021 611 2101 atque
641 2019 737 2081 etiam
762 2039 834 2081 cum
862 2018 955 2082 Liuia
979 2041 1036 2082 sua
1059 2019 1224 2104 grauiores
1247 2042 1314 2085 non
1336 2021 1404 2085 nisi
1423 2048 1455 2086 15

248 2123 386 2206 scriptos
410 2128 442 2188 et
466 2147 483 2189 e
506 2123 616 2188 libello
640 2123 793 2206 habebat,
820 2147 861 2214 ne
884 2126 957 2207 plus
981 2126 1128 2189 minusue
1150 2128 1337 2210 loqueretur
1361 2151 1404 2192 ex

247 2233 401 2313 tempore.
451 2231 683 2314 pronuntiabat
711 2231 798 2295 dulci
826 2236 858 2295 ct
890 2233 1022 2316 proprio
1053 2232 1193 2315 quodam
1224 2236 1289 2298 oris
1319 2255 1403 2299 sono

248 2337 407 2420 dabatque
436 2337 563 2401 assidue
591 2337 755 2421 phonasco
784 2359 930 2422 operam3
958 2338 1014 2402 sed
1041 2361 1285 2424 nonnumquam
1313 2342 1403 2405 infir-

153 2428 158 2440 “
247 2445 341 2506 matis
365 2444 512 2508 faucibus
536 2445 701 2527 praeconis
724 2466 804 2508 uoce
827 2443 866 2507 ad
889 2445 1046 2528 populum
1070 2447 1274 2512 contionatus
1298 2454 1354 2512 est.

193 2544 239 2610 85
340 2550 444 2614 Multa
468 2551 550 2615 uarii
573 2551 697 2635 generis
721 2573 816 2634 prosa
840 2551 984 2616 oratione
1008 2555 1198 2636 composuit,
1222 2576 1261 2617 er
1282 2555 1401 2637 quibus
1422 2579 1455 2618 ao

246 2655 404 2720 nonnulla
427 2657 460 2719 in
485 2663 579 2722 coetu
602 2657 808 2722 familiarium
833 2660 924 2722 uelut
947 2659 981 2722 in
1000 2641 1159 2723 auditorio
1177 2661 1335 2744 recitauit,
1359 2662 1402 2726 si-

247 2767 301 2825 cut
325 2764 515 2847 rescripta
539 2764 659 2828 Bruto
684 2766 728 2828 de
759 2763 915 2848 Catone,
944 2787 1024 2848 quae
1048 2767 1215 2831 uolumina
1237 2788 1310 2832 cum
1333 2769 1397 2832 iam

247 2866 355 2933 senior
377 2893 417 2934 ex
440 2891 557 2955 magna
580 2874 672 2953 parte
694 2871 835 2955 legisset,
857 2869 1012 2956 fatigatus
1031 2871 1159 2937 Tiberio
1178 2874 1311 2938 tradidit
1328 2897 1400 2958 per-

246 2975 395 3062 legenda,
419 2976 497 3041 item
519 2977 765 3042 hortationes
789 2978 833 3041 ad
851 2978 1159 3064 philosophiam,
1178 2984 1210 3044 et
1229 2980 1336 3063 aliqua
1354 2981 1399 3046 de

246 3083 433 3166 uita'sua,
462 3105 558 3166 quam
586 3084 739 3149 tredecim
767 3083 859 3147 libris
884 3082 1076 3150 Cantabrico
1106 3091 1199 3150 tenus
1227 3087 1312 3151 bello
1337 3109 1451 3152 necas

319 3319 332 3364 7
354 3313 524 3380 Epit.1,17
543 3311 707 3366 liberalibus
727 3313 837 3380 studiis,
855 3314 1021 3381 praesertim
1041 3313 1218 3382 eloquentiae
1238 3316 1396 3370 intantum

246 3391 420 3457 incumbens,
440 3396 473 3445 ut
492 3391 595 3460 nullus,
614 3410 649 3448 ne
668 3395 698 3446 in
717 3394 864 3462 procinctu
883 3394 1005 3460 quidem,
1025 3395 1168 3449 laberetur
1182 3396 1251 3462 dics,
1270 3397 1338 3464 quin
1357 3397 1397 3450 le-

245 3474 332 3541 geret,
352 3472 498 3538 scriberet,
519 3473 689 3527 declamaret
708 3477 745 3544 (a.
761 3476 777 3527 l.
798 3475 936 3543 dictaret).
980 3476 1072 3529 Victor
1092 3477 1239 3542 Gaea.1‚5
1258 3493 1321 3530 cum
1339 3476 1397 3531 elo-

245 3552 378 3621 quentiae
397 3553 491 3608 studio
565 3554 635 3606 mire
654 3555 828 3607 attineretur.
866 3556 900 3621 cs.
921 3555 1059 3609 Er'uhurd.
1076 3561 1118 3609 19.
1128 3560 1166 3610 25
1185 3559 1246 3610 erat
1265 3556 1396 3625 eloquen-

244 3632 287 3685 tia
311 3633 440 3702 copiosus
465 3638 493 3688 et
516 3633 671 3688 exuberans
695 3635 862 3702 poteratque
886 3635 1025 3702 quidquid
1049 3635 1137 3689 uellet
1156 3637 1331 3705 apertissime
1349 3653 1396 3691 ex-

244 3713 365 3781 primere
381 3715 558 3783 (p.103,11).
632 3718 648 3766 8
667 3715 740 3770 Sua¹
761 3715 793 3768 cle
811 3716 876 3769 rhet,
893 3722 907 3768 1
932 3715 1048 3782 quidam
1066 3715 1194 3768 historici
1218 3717 1397 3773 tradiderunt

318 3792 497 3846 declamandi
525 3794 756 3847 consuetudinem
777 3838 782 3847 .
800 3838 804 3847 .
823 3838 826 3847 .
847 3795 1006 3864 Augustum
1033 3811 1068 3847 ne
1099 3795 1253 3850 Mutinensi
1281 3798 1395 3866 quidem

245 3872 320 3926 bello
339 3873 474 3928 omisisse.

319 4091 334 4139 3
354 4085 426 4140 facie
441 4092 470 4152 T,
484 4087 569 4140 facile
580 4089 617 4142 M
618 4087 697 4153 GX‘,
714 4087 854 4142 facilitate
866 4089 904 4144 P²
961 4088 1092 4143 amabilis
1102 4089 1166 4145 Mc
1173 4091 1241 4161 Vq,
1255 4107 1297 4144 -es
1311 4093 1357 4146 ret.

245 4169 274 4221 et
290 4174 355 4235 post
372 4167 556 4234 conquirebat
571 4169 634 4222 add.
647 4169 672 4220 V
742 4175 758 4220 4
777 4169 910 4237 pumilios
925 4172 1015 4238 (pom-
1025 4170 1111 4240 Par)
1122 4174 1151 4222 X
1154 4169 1161 4187 '
1217 4176 1250 4224 10
1265 4173 1396 4242 princeps

246 4247 340 4315 Spcjer
413 4253 444 4300 12
463 4247 615 4301 rationeG
689 4249 820 4303 deficeret
834 4254 863 4302 X
933 4255 966 4302 14
985 4254 1139 4304 assumeret
1158 4250 1233 4320 (ads-
1248 4251 1344 4320 VPS1)
1359 4257 1396 4318 a,

245 4343 312 4380 corr.
332 4325 388 4385 δὶς
462 4333 493 4379 16
514 4327 632 4396 scriptos
653 4345 669 4388 ς
688 4329 824 4400 (Bentley,
844 4332 966 4399 Barna),
990 4330 1101 4398 scriptis
1121 4334 1160 4397 a,
1184 4331 1214 4384 in
1237 4332 1349 4400 scriptis
1369 4351 1395 4395 ς,

244 4406 280 4459 de
304 4406 408 4474 scripto
430 4407 525 4460 Medd.
623 4413 656 4462 18
679 4408 833 4477 phonaisco
854 4412 891 4465 M
898 4413 932 4475 Τ,
954 4411 1098 4478 phonusco
1120 4411 1157 4478 G,
1181 4412 1245 4466 uoci
1267 4429 1301 4467 as.
1321 4413 1351 4466 ia
1373 4413 1401 4466 V

245 4491 279 4539 19
299 4487 431 4540 continuo
450 4489 533 4540 natus
554 4487 592 4542 6¹
612 4491 690 4557 (corr.
709 4507 743 4544 m.
762 4492 824 4559 ree.)
897 4496 929 4542 21
950 4490 996 4543 uel
1017 4491 1043 4545 G
1115 4491 1287 4546 adiutorium
1307 4493 1332 4544 Γ
