3142 5112
475 362 564 418 DIVV
566 363 583 416 S
602 364 794 421 Avovsrvs
814 377 879 427 [car.
896 377 984 427 re-re]
1263 365 1307 430 99

153 529 338 610 conficeret,
368 528 408 592 ad
435 528 571 593 multam
599 534 727 595 noctem
755 528 972 614 permanebat.
1019 529 1053 594 in
1082 527 1203 594 lectum
1232 527 1307 592 inde

152 640 372 718 transgressus
394 657 461 699 non
484 637 624 719 amplius
648 657 720 700 curn
745 635 919 720 plurimum
944 657 1039 720 quam
1065 639 1186 719 septem
1210 635 1306 700 horas

153 741 342 824 dormiebat,
369 763 406 804 ao
433 764 473 805 ne
501 763 554 806 eas
578 742 706 826 quidem
736 742 919 824 continuas,
947 742 1003 806 sed
1027 745 1063 806 ut
1090 743 1123 806 in
1147 741 1203 805 illo
1228 745 1306 806 tem-

153 849 244 932 poris
273 848 378 932 spatio
407 853 457 913 ter
484 854 539 913 aut
568 853 681 933 quater
709 851 991 934 expergisceretur.
1034 849 1061 912 si
1089 849 1342 932 intenuptumr

123 977 302 1019 ssomnum
336 956 527 1039 reciperare,
559 960 601 1019 ut*
632 957 754 1039 euenit,
787 977 854 1020 non
886 960 1009 1039 posset,
1043 954 1217 1020 lectoribus
1250 959 1307 1019 aut

151 1061 389 1126 fabulatoribus
422 1064 582 1127 arcessitis
618 1063 800 1127 resumebat
833 1062 1093 1146 producebatque
1126 1063 1211 1125 ultra
1242 1063 1306 1146 pri-

154 1190 239 1232 mam
270 1191 364 1252 saepe
393 1171 507 1234 lucem.
554 1192 613 1234 neo
644 1169 676 1232 in
707 1169 849 1233 tenebris
880 1169 1030 1254 uigilauit
1059 1191 1212 1251 umquam
1242 1168 1306 1232 nisi

153 1276 313 1339 assidente
346 1277 464 1357 aliquo.
515 1275 674 1340 matutina
707 1275 820 1361 uigilia
853 1274 1088 1360 offendebatu13
1124 1296 1161 1338 ac
1193 1276 1221 1338 si
1253 1273 1305 1338 uel

154 1382 254 1445 officii
292 1383 343 1445 uel
382 1383 463 1446 sacri
496 1404 592 1448 causa
625 1383 781 1447 maturius
819 1381 1019 1468 uigilandum
1061 1385 1159 1463 asset,
1191 1404 1231 1446 ne
1272 1380 1306 1444 id

106 1513 136 1552 ro
153 1493 265 1552 contra
298 1488 503 1553 commodum
536 1490 667 1573 faceret,
700 1489 734 1552 in
766 1490 913 1573 proximo
943 1489 1171 1572 cuiuscumque
1199 1488 1306 1552 dorne·

154 1595 308 1659 eticorum
328 1595 480 1660 cenaculo
499 1595 660 1660 manebat.
697 1596 742 1660 sic
761 1617 889 1680 quoque
909 1617 1003 1680 saepe
1023 1595 1170 1680 indigens
1191 1595 1306 1678 somni,

153 1705 185 1765 et
213 1703 289 1765 dum
319 1724 376 1784 per
403 1703 493 1766 nicos
522 1703 746 1785 deportaretur
772 1707 804 1767 et
827 1702 974 1786 deposita
1001 1702 1116 1766 lectica
1142 1702 1228 1764 inter
1249 1701 1305 1765 ali-

65 1893 68 1896 *
153 1831 233 1891 quas
256 1830 362 1872 moras
387 1808 638 1874 condormiebat.

243 1914 360 1980 llorma
382 1915 446 1978 fuit
469 1916 586 1979 eximia
610 1919 642 1980 et
664 1939 722 1999 per
746 1938 856 1981 omnes
876 1915 990 1980 aetatis
1009 1915 1127 2000 gradus
1147 1909 1359 1979 nannetis-79

104 2045 134 2085 15
152 2023 246 2105 sima,
284 2041 480 2105 quamquam
512 2027 545 2086 et
582 2024 688 2087 omnis
724 2023 876 2087 lenocinii
908 2017 1096 2108 neglegens3
1132 2023 1167 2085 in
1201 2021 1306 2105 capite

152 2127 308 2193 comendo
336 2133 403 2192 tarn
430 2127 627 2212 incuriosae,
655 2133 692 2192 ut
719 2130 838 2213 raptim
866 2127 1087 2212 compluribus
1115 2127 1212 2192 simul
1234 2131 1306 2192 ton·

152 2234 280 2298 soribus
309 2257 440 2318 operam
468 2235 559 2299 daret
591 2257 627 2299 ac
655 2235 751 2299 modo
780 2236 927 2300 tonderet
957 2235 1054 2298 modo
1082 2233 1208 2298 raderet
1234 2234 1305 2298 bar-

152 2341 226 2405 bam
251 2363 353 2425 eoque
381 2341 452 2426 ipso
481 2347 627 2426 tempore
654 2346 711 2406 aut
736 2344 859 2428 legeret
883 2341 1084 2425 aliquidaut
1108 2341 1304 2406 etiamsori-

152 2449 250 2511 beret.
292 2447 386 2512 uultu
409 2452 479 2512 erat
501 2449 554 2512 uel
576 2450 610 2513 in
634 2470 781 2513 sermone
804 2449 857 2512 uel
885 2450 1002 2514 tacitus
1026 2449 1105 2512 adeo
1129 2447 1305 2531 tranquillo

102 2581 133 2618 so
152 2576 343 2638 serenoque,
370 2543 407 2618 ut
437 2554 568 2637 quidam
597 2577 613 2618 e
636 2539 833 2638 primoribus
862 2547 1040 2619 Galliarum
1071 2556 1236 2621 confessus
1264 2556 1307 2618 sit

151 2662 238 2724 inter
268 2682 356 2744 suos,
386 2661 424 2726 eo
456 2684 489 2726 se
519 2655 693 2726 inhibitum
723 2683 760 2725 ac
787 2663 998 2744 remollitum,
1028 2684 1093 2744 quo
1120 2662 1241 2744 minus,
1270 2666 1307 2725 ut

151 2768 342 2850 destinarat,
375 2769 409 2832 in
439 2766 577 2832 transitu
609 2767 744 2852 Alpium
780 2791 838 2852 per
871 2768 1109 2832 simulationem
1142 2769 1304 2850 conloquii

148 2875 285 2958 propius
313 2858 471 2938 admissus
498 2875 533 2939 in
556 2876 780 2958 praecipitium
804 2877 1007 2958 propelleret.
1054 2875 1164 2939 oculos
1192 2875 1340 2938 habuit2

148 2983 256 3044 claros
290 3002 326 3044 ac
357 2981 493 3064 nitidos,
532 2982 649 3066 quibus
686 2981 782 3046 etiam
821 2983 999 3046 existimari
1035 2980 1165 3047 uolebat
1201 2983 1305 3045 inesse

147 3145 203 3154 ..a-

225 3235 240 3280 2
261 3229 339 3296 Epir.
355 3235 381 3292 1,
394 3232 433 3281 22
447 3227 643 3296 aliquatenus.
657 3227 782 3281 ..somni
796 3227 948 3281 abstinens.
1025 3234 1055 3280 11
1076 3229 1111 3293 cf.
1128 3228 1219 3280 Victor
1229 3229 1304 3282 Caes.

149 3317 176 3376 1,
188 3317 204 3361 l
216 3307 354 3377 flagrante
371 3351 393 3361 ..
407 3353 412 3362 .
428 3309 464 3360 ad
479 3325 608 3362 somnum
622 3308 847 3376 intemperantia.
904 3313 937 3360 23
946 3323 1006 3374 sqq.
1022 3308 1101 3376 Epir.
1111 3313 1183 3372 1‚20
1197 3305 1285 3360 fuit..
1299 3349 1304 3359 .

148 3405 268 3457 corpore
287 3391 348 3441 toto
367 3388 496 3456 pulcher,
521 3389 571 3441 sed
590 3387 678 3441 oculis
698 3388 797 3457 magis.
835 3405 954 3456 quorum
977 3388 1067 3440 aciem
1087 3386 1304 3439 clarissimorum

149 3469 276 3531 siderum
297 3469 381 3521 modo
400 3468 528 3534 uibrans,
548 3468 669 3521 libenter
688 3465 848 3537 accipiebat
866 3469 928 3521 cedi
948 3468 984 3521 ab
1003 3466 1214 3521 intendentibus
1233 3468 1305 3519 tam-

149 3565 238 3617 quam
258 3548 326 3602 soli's
344 3548 432 3602 radiis
452 3549 598 3616 adspectui
618 3565 668 3601 suo
683 3549 774 3618 (addit
787 3550 863 3602 baec:
884 3565 900 3601 a
920 3549 999 3601 cuius
1017 3547 1092 3601 facie
1107 3564 1170 3600 cum
1189 3546 1305 3614 quidam

148 3629 233 3682 miles
253 3629 350 3682 oculos
370 3631 511 3682 auerteret
530 3631 559 3682 et
578 3629 799 3697 interrogaretur
818 3629 853 3681 ab
873 3645 915 3695 eo,
935 3645 984 3680 cur
1002 3628 1044 3680 ita
1060 3627 1172 3694 laceret,
1191 3643 1304 3695 respon-

149 3711 208 3763 dit:
226 3710 305 3776 ‘quia
315 3707 422 3762 fulmen
437 3708 581 3762 oculorum
595 3711 709 3762 tuorum
723 3709 796 3762 ferre
811 3727 866 3762 non
876 3709 1001 3777 possum’
1018 3711 1052 3774 cf.
1063 3708 1139 3760 Seru.
1148 3709 1222 3777 Verp.
1235 3709 1303 3761 Aen.

155 3791 239 3845 VIII
249 3788 489 3844 680'naturaliter
504 3832 509 3842 .
522 3831 545 3843 ..
560 3791 705 3860 Augustus
720 3788 818 3857 igneos
838 3788 934 3842 oculos
953 3788 1086 3842 habuisse
1101 3787 1213 3853 dicitur,
1233 3786 1305 3838 adeo

148 3873 184 3923 ut
204 3869 337 3923 obtutum
356 3870 415 3922 eius
434 3886 516 3923 nemo
534 3871 632 3922 contra
651 3871 796 3938 aspectare
819 3872 922 3938 posset,
943 3869 1064 3935 denique
1083 3868 1199 3936 quidam
1219 3883 1305 3934 eques

111 3952 129 3962 ”
147 3952 297 4004 Romanus
312 3948 502 4020 interrogatus
522 3949 558 4002 ab
578 3966 619 4017 eo,
639 3965 688 4002 our
702 3966 731 4003 se
746 3949 808 4002 uiso
822 3952 946 4002 uerteret
960 3949 1070 4014 faciem,
1087 3947 1202 4002 dixerit:
1224 3947 1305 4014 ‘quia

147 4030 260 4083 fulmen
281 4028 425 4083 oculorum
444 4033 556 4083 tuorum
575 4029 648 4084 ferre
667 4047 723 4083 non
742 4030 882 4098 possum'3
903 4029 976 4083 sicut
995 4030 1037 4082 ait
1056 4027 1223 4095 Suetonius).

225 4252 436 4306 thorasomd
483 4255 577 4307 3atV
619 4252 840 4321 teuigilandum
852 4253 978 4317 Ooaoub„
987 4251 1022 4317 of.
1031 4252 1127 4306 Claud.
1136 4253 1171 4303 33
1187 4251 1306 4318 Vesper

150 4339 186 4386 12
207 4332 985 4400 oum-deportareturueldum-deportaturDrtpow
1050 4336 1082 4383 13
1102 4330 1305 4384 condormisca-

147 4415 204 4467 bat
213 4413 331 4482 Bentley
397 4418 429 4465 15
446 4415 474 4466 et
488 4415 583 4468 oruN
634 4413 675 4484 in]
687 4417 715 4466 et
729 4412 758 4464 in
769 4413 871 4482 ΠρΝς
882 4414 962 4480 (edd.)
1026 4417 1061 4476 16,
1079 4409 1305 4464 commendatam

150 4494 251 4547 GL¹P
265 4493 430 4562 (conmendo
446 4495 482 4561 V)
539 4499 571 4546 21
592 4509 624 4546 eo
640 4495 678 4563 se]
696 4509 742 4546 eos
759 4493 785 4546 ci
801 4493 834 4558 G,
854 4508 914 4562 eoq3
930 4494 963 4548 N
1015 4497 1048 4547 23
1064 4489 1193 4560 proprius
1209 4490 1245 4543 M

1055 4579 1088 4630 7*
