3166 5106
562 360 590 415 C.
611 360 791 414 CALIGVLA
812 372 876 420 [car.
893 372 980 421 11-15]
1269 360 1330 424 169

183 525 351 591 hominum
381 547 495 610 genus,
524 524 592 588 uoti
624 528 803 608 compotem
833 523 923 608 fecit,
956 523 1218 608 exoptatissimus
1245 525 1332 608 prin·

91 659 94 664 ’
184 653 259 716 ceps
282 633 442 696 maximae
465 632 552 716 parti
573 631 820 716 prouincialium
841 651 878 693 ac
895 630 1047 714 militum,
1070 630 1156 713 quod
1174 631 1332 696 infantem

119 815 122 818 ¹
183 739 329 825 plerique
352 741 581 823 cognouerant,
604 738 659 802 red
682 742 714 801 et
736 738 905 803 uniuersae
929 736 1016 821 plebi
1039 737 1179 801 urbanae
1204 737 1244 802 ob
1268 759 1333 801 me·

184 847 319 912 moriam
345 843 526 910 Germanici
549 845 650 929 patris
673 844 977 927 miserationemque
1000 865 1101 927 prope
1120 843 1259 909 afflictae
1279 843 1333 908 do·

155 975 265 1022 smus.
303 953 412 1036 itaque
440 954 477 1014 ut
501 975 520 1015 a
542 951 665 1016 Miseno
694 951 798 1038 mouit
822 950 970 1034 quamuis
997 950 1139 1036 lugentis
1163 950 1277 1014 habitu
1301 955 1334 1014 et

183 1061 280 1123 funus
305 1058 414 1123 Tiberi
441 1079 652 1143 prosequens,
680 1061 788 1142 tamen
816 1059 899 1122 inter
923 1056 1036 1122 altaria
1060 1060 1091 1122 et
1114 1057 1263 1122 uictimas
1287 1080 1333 1122 ar-

184 1167 354 1248 dentisque
382 1166 491 1230 taedas
520 1165 710 1229 densissimo
739 1168 771 1228 et
801 1163 977 1228 laetissimo
1007 1164 1177 1228 obuiorum
1206 1164 1333 1248 agmine

184 1273 330 1354 incessit,
361 1293 456 1356 super
485 1270 593 1334 fausta
622 1271 752 1335 nomina
783 1271 871 1335 sidus
895 1273 928 1334 et
950 1268 1086 1354 pullum·
1099 1273 1132 1334 et
1154 1281 1279 1354 papum
1302 1274 1334 1334 et

186 1379 352 1442 alumnum
380 1377 626 1462 appellantium
654 1377 863 1462 ingressoque
890 1377 1016 1460 urbem,
1043 1377 1153 1440 statim
1177 1389 1334 1444 consensu
1343 1373 1387 1447 14

143 1515 172 1554 ro
187 1489 317 1550 senatus
342 1489 373 1568 et
397 1484 604 1568 irrumpentis
628 1483 805 1547 incuriam
830 1482 952 1567 turbae,
975 1482 1199 1548 inrita'Tiberi
1223 1485 1335 1549 uolun-

185 1597 261 1676 tate,
287 1593 342 1676 qui
365 1595 559 1656 testamento
585 1590 721 1655 alterum
744 1595 895 1674 nepotem
915 1613 1007 1660 suum
1027 1594 1264 1674 praetextatum
1284 1590 1335 1654 ad-

186 1700 250 1763 huc
274 1698 460 1764 coheredem
489 1697 519 1760 ei
548 1697 689 1781 dederat,
716 1697 767 1761 ius
795 1698 1028 1780 arbitriumque
1057 1697 1200 1762 omnium
1228 1720 1335 1762 rerum

186 1807 236 1870 illi
263 1805 455 1889 permissum
484 1807 533 1868 est
560 1807 652 1878 tanta
672 1803 806 1893 publica
828 1804 964 1888 laetitia,
992 1807 1029 1867 ut
1052 1805 1155 1868 tribus
1179 1805 1335 1888 proximis

190 1912 352 1977 mensibus
375 1932 413 1975 ac
441 1933 481 1975 ne
510 1910 588 1975 totis
617 1911 745 1993 quidem
771 1932 868 1994 supra
898 1915 1025 1974 eentum
1054 1911 1222 1994 sexaginta
1245 1910 1336 1974 milia

146 2044 173 2086 ra
186 2020 393 2083 uictimarum
417 2038 508 2082 caesa
530 2017 707 2082 tradantur.
1046 2027 1049 2034 '

278 2123 360 2188 Cum
394 2125 508 2190 deinde
540 2146 659 2208 pancos
687 2128 763 2208 post
790 2124 856 2188 dies
888 2125 921 2188 in
950 2124 1121 2208 proximas
1143 2122 1371 2207 Campaniaea

188 2230 310 2297 insulas
341 2232 531 2314 traiecisset,
561 2235 648 2310 uota
667 2254 727 2316 pro
755 2231 861 2296 reditu
888 2236 1037 2316 suscepta
1064 2236 1153 2306 sunt,
1180 2237 1220 2294 n'e
1245 2232 1337 2295 mini-

188 2362 273 2403 mam
300 2339 429 2422 quidem
458 2338 658 2403 occasionem
687 2360 850 2421 quoquam
879 2339 1047 2403 omittente
1075 2339 1109 2402 in
1136 2338 1338 2402 testificanda

189 2446 405 2511 sollicitudine
436 2450 468 2510 et
498 2467 573 2509 cura
603 2445 642 2510 de
672 2445 894 2510 incolumitate
924 2445 1001 2510 eius.
1047 2450 1084 2508 ut
1114 2468 1191 2510 uero
1222 2446 1256 2508 in
1286 2445 1338 2508 ad-

148 2577 176 2617 so
189 2575 317 2618 uersam
340 2552 551 2617 ualitudinem
573 2553 695 2635 incidit,
717 2551 982 2636 pernoctantibus
1003 2552 1126 2616 cunctis
1146 2553 1229 2616 circa
1247 2551 1338 2616 Pala-

189 2661 286 2744 tium,
317 2681 384 2724 non
412 2659 581 2723 defuenmt
609 2660 665 2742 qui
693 2660 933 2744 depugnaturos
962 2681 996 2724 se
1024 2659 1121 2722 armis
1149 2681 1207 2742 pro
1236 2659 1339 2724 salute

190 2767 277 2852 aegri
306 2767 425 2850 quique
454 2767 560 2850 capita
588 2788 645 2830 sua
672 2766 768 2830 titulo
797 2768 966 2849 proposito
995 2769 1159 2830 uouerent.
1206 2766 1374 2830 accersita

190 2875 232 2938 ad
263 2874 454 2938 immensum
490 2873 608 2937 ciuium
642 2895 783 2937 amorem
818 2873 972 2938 notabilis
1005 2874 1101 2936 etiam
1134 2877 1339 2938 externorum

191 2981 302 3061 fauor„
332 3002 472 3064 namque
491 2979 675 3045 Artabanus
693 2979 887 3045 Parthorum
907 3001 973 3065 rex,
992 2979 1101 3044 odium
1122 3000 1247 3063 semper
1267 3001 1340 3043 con-

150 3109 177 3150 ss
191 3092 416 3171 temptumque
449 3086 558 3151 Tiberi
592 3108 669 3171 prae
702 3108 735 3150 se
764 3087 885 3165 ferens,
917 3087 1092 3152 amicitiam
1124 3085 1220 3149 huius
1252 3086 1339 3150 ultro

191 3195 287 3280 petiit
321 3194 477 3276 uenitque
514 3193 554 3256 ad
586 3193 782 3275 colloquium
818 3193 918 3277 legati
955 3192 1132 3258 consularis
1170 3197 1201 3254 et
1238 3196 1340 3255 trans-

192 3321 320 3384 gressus
348 3300 536 3383 Euphraten
570 3298 695 3382 aquilas
733 3304 764 3364 et
802 3300 895 3384 signa
927 3299 1073 3364 Romana
1106 3297 1340 3381 Caesarumque
1366 3311 1370 3316 “

193 3408 350 3493 imagines
373 3407 529 3471 adorauit.

282 3512 476 3579 Incendebat
504 3518 536 3577 et
564 3515 632 3598 ipse
661 3515 767 3580 studia
789 3515 958 3580 hominum
983 3517 1071 3580 omni
1100 3538 1215 3602 genere
1238 3505 1392 3602 popu-15

154 3642 180 3682 ro
196 3620 342 3686 laritatis.
384 3620 513 3686 Tiberio
538 3643 609 3685 cum
634 3622 781 3704 plurimis
799 3621 940 3687 lacrimis
964 3645 1022 3706 pro
1042 3623 1190 3687 contione
1209 3622 1339 3687 laudato

194 3729 407 3810 funeratoque
431 3727 639 3812 amplissime,
663 3728 831 3792 confestim
850 3728 1074 3793 Pandateriam
1098 3733 1130 3792 et
1148 3728 1281 3794 Pontias
1300 3729 1340 3792 ad

162 3869 163 3872 ¹
194 3833 430 3898 transferendos
459 3835 570 3900 matris
598 3835 770 3918 fratrisque
798 3836 920 3899 cineres
944 3836 1123 3916 festinauit,
1151 3837 1341 3920 tempestate

195 4008 402 4063 adulescentuli
420 4025 483 4077 spe;
497 3989 563 4062 'tum
583 4011 649 4078 quia
663 4012 746 4064 natus
765 4010 794 4063 in
815 4011 938 4063 exercitu
1017 4010 1176 4080 legionibus
1196 4027 1275 4064 carus
1295 4027 1341 4064 ac·

196 4092 349 4158 captusque
372 4089 531 4143 habebatur
554 4091 642 4159 (Epir.
659 4095 712 4157 3,3
736 4091 801 4144 ante
824 4089 1015 4159 principatum
1039 4090 1168 4144 omnibus
1192 4107 1272 4144 carus
1297 4107 1341 4144 ac·

196 4171 349 4238 captusque
367 4169 440 4239 fuit).

269 4330 479 4399 lcompotesG
534 4330 614 4398 tqui
624 4331 683 4390 11¹5
736 4330 916 4384 ilentissimo
927 4330 983 4390 1³¹5
992 4331 1129 4400 (Bentley)
1180 4331 1344 4400 8‘euntqaa'

196 4411 290 4464 omina
302 4411 441 4480 leyendarn
451 4411 561 4480 pareat’
577 4412 651 4465 Torr.
664 4412 805 4480 (Gronau)
852 4415 885 4463 10
900 4409 929 4462 in
943 4410 1024 4463 irrita
1035 4413 1078 4476 M,
1087 4411 1169 4464 irrita
1178 4412 1224 4465 rel.
1271 4417 1305 4463 ‘25
1314 4426 1344 4464 se

196 4508 245 4545 om.
264 4490 363 4560 qu
428 4490 487 4543 eius
506 4495 536 4543 X
596 4497 628 4544 ¹27
647 4490 756 4544 romani
772 4493 815 4557 M,
833 4490 940 4546 Romae
955 4492 1070 4561 Bentley
1135 4496 1165 4543 31
1186 4491 1347 4559 pontiosM
