3136 5100
261 379 326 442 252
613 378 641 432 C.
662 378 819 432 SVETONI
837 377 1059 443 TRANQVILLI

261 542 428 606 iocabatur
451 541 616 625 multaque
641 541 767 605 decreta
789 545 821 605 et
844 542 1027 625 constituta,
1051 545 1088 605 ut
1111 541 1293 625 insipientis
1311 545 1393 624 atque

261 649 368 733 deliri,
402 671 461 732 pro
497 649 596 712 irritis
631 649 761 732 habuit3
794 649 930 731 denique
963 648 1094 711 bustum
1130 648 1198 712 eius
1230 648 1395 732 consaepiri

261 756 323 819 nie
346 756 462 820 namin
485 754 614 838 leuique
638 727 774 819 mattea
797 754 946 839 neglexit.

226 879 240 924 2
350 861 571 926 Britannicum
590 885 656 926 non
675 863 781 926 minus
797 862 1009 926 aemulatione
1023 863 1122 946 uocis,
1141 884 1222 945 quae
1237 862 1286 925 illi
1299 863 1395 925 iucun-

261 968 333 1033 dior
364 970 569 1053 suppetebat,
600 992 696 1052 quam
725 973 814 1033 metu
840 991 881 1031 ne
909 970 1100 1053 quandoque
1129 969 1213 1052 apud
1240 968 1395 1032 hominum
1428 994 1441 1033 5

260 1077 397 1162 gratiam
427 1080 561 1159 paterna
587 1077 743 1139 memoria
770 1076 982 1159 praeualeret,
1011 1098 1135 1140 ueneno
1159 1077 1327 1161 adgressus
1349 1081 1398 1138 est.

261 1183 347 1265 quod
371 1187 537 1268 acceptum
562 1206 580 1245 a
603 1182 740 1266 quadarn
762 1182 912 1266 Lucusta,
936 1184 1180 1247 uenenariorum
1201 1183 1312 1266 indice,
1335 1205 1399 1246 cum

261 1277 413 1372 opinione
436 1291 560 1353 tardius
583 1289 708 1354 cederet
731 1292 843 1354 uentre
866 1290 963 1353 modo
986 1288 1165 1352 Britannici
1187 1294 1286 1371 moto,
1309 1310 1401 1352 arces-

260 1396 354 1458 sitam
388 1397 554 1460 mulierem
590 1419 646 1460 sua
678 1418 776 1459 manu
808 1397 992 1460 uerberauit
1023 1418 1160 1482 arguens
1192 1419 1251 1479 pro
1284 1417 1400 1459 ueneno

259 1502 436 1565 remedium
461 1502 597 1587 dedisse3
621 1505 849 1585 excusantique
873 1504 979 1566 minus
998 1503 1109 1566 datum
1129 1503 1168 1565 ad
1188 1503 1400 1568 occultandam
1417 1527 1445 1566 ro

259 1609 411 1672 facinoris
446 1610 614 1673 inuidiam:
654 1632 756 1693 sane,
794 1610 913 1693 inquit,
950 1609 1073 1695 legem
1106 1609 1244 1673 Iuliam
1277 1610 1402 1688 timeo,

260 1716 429 1801 coegitque
454 1739 487 1780 se
511 1738 617 1780 coram
641 1719 676 1781 in
698 1716 845 1782 cubiculo
866 1739 961 1800 quam
981 1720 1090 1800 posset
1109 1716 1346 1780 uelocissimum
1369 1738 1404 1779 ac

224 1839 239 1882 a
259 1818 523 1905 praesentaneum
547 1843 690 1906 coquere.
730 1824 842 1887 deinde
865 1824 899 1886 in
923 1822 1025 1887 haedo
1049 1828 1213 1908 expertus,
1236 1829 1404 1907 postquam

260 1931 287 1993 is
312 1930 454 2013 quinque
478 1931 574 1994 horas
597 1930 766 2013 protraxit,
790 1932 906 2006 iterum
935 1951 972 1994 ao
1001 1931 1127 2013 saepius
1150 1934 1311 1995 recoctum
1335 1952 1403 2014 por-

200 2082 210 2094 ·
260 2036 341 2102 cello
366 2037 497 2120 obiecit3
521 2059 585 2120 quo
611 2038 718 2101 statim
745 2037 927 2101 exanimato
947 2038 1058 2100 inferri
1077 2038 1112 2100 in
1130 2037 1306 2101 triclinium
1326 2037 1447 2100 dari-1⁵

260 2166 322 2227 que
347 2145 474 2208 cenanti
499 2166 606 2208 secum
625 2142 814 2207 Britannico
838 2144 1016 2227 imperauit.
1054 2149 1086 2207 et
1110 2165 1182 2208 cum
1207 2143 1261 2208 ille
1284 2144 1325 2207 ad
1344 2145 1406 2227 pri·

259 2273 347 2314 mum
379 2255 510 2335 gustum
543 2251 747 2334 concidisset,
781 2252 934 2315 comitiali
965 2252 1078 2315 morbo
1109 2273 1148 2314 ex
1179 2251 1407 2315 consuetudine
1551 2255 1552 2318 l

262 2363 445 2442 correptum
471 2358 555 2440 apud
580 2359 733 2460 Offilfflil?
757 2359 928 2421 ementitus
952 2362 1081 2440 postero
1110 2357 1160 2421 die
1183 2358 1302 2442 raptim
1324 2359 1408 2422 inter
1551 2337 1552 2370 ¹

262 2466 418 2527 maximos
433 2464 551 2527 imbres
571 2443 730 2528 ti‘iilaticio
747 2463 863 2528 extulit
877 2465 996 2527 funere.
1033 2463 1193 2528 Lucustae
1212 2486 1271 2548 pro
1290 2471 1408 2528 nauata

261 2591 357 2653 opera
382 2572 608 2654 impunitatem
633 2572 824 2654 praediaque
849 2570 963 2654 ampla,
987 2570 1043 2634 sed
1066 2576 1097 2635 et
1117 2571 1291 2654 discipulos
1312 2572 1407 2634 dedit.
1424 2593 1451 2634 ao

210 2669 257 2734 34
351 2676 487 2740 Matrem
511 2677 596 2741 facta
619 2679 768 2761 dictaque
792 2701 849 2741 sua
873 2677 1091 2761 exquirentem
1117 2678 1262 2742 acerbius
1286 2682 1317 2742 et
1340 2699 1408 2742 cor·

258 2783 418 2866 rigentem
448 2782 603 2847 hactenus
633 2785 738 2867 primo
769 2784 979 2870 grauabatur,
1015 2788 1051 2847 ut
1080 2785 1203 2849 inuidia
1233 2784 1406 2848 identidem

260 2893 407 2952 oneraret
435 2891 525 2972 quasi
555 2912 702 2954 cessurus
731 2892 867 2975 imperio
896 2890 1111 2974 Rhodumque
1139 2892 1299 2973 abiturus,
1331 2914 1408 2955 mox

260 2999 291 3058 et
314 2995 436 3060 honore
462 2998 548 3060 ornni
578 3002 610 3061 et
632 3002 792 3082 potestate
816 2998 958 3081 priuauit
986 2995 1187 3081 abductaque
1210 2998 1350 3062 militum
1375 3005 1409 3061 et

260 3101 491 3167 Germanorum
517 3105 654 3170 statione
679 3105 889 3169 contubernio
914 3127 1041 3188 quoque
1065 3127 1101 3168 ac
1120 3104 1245 3170 Palatio
1269 3107 1407 3189 expulit3
1425 3128 1450 3166 aa

258 3233 360 3293 neque
384 3212 418 3274 in
441 3211 619 3276 diuexanda
643 3213 815 3295 quicquam
838 3213 930 3295 pensi
953 3211 1077 3294 habuit,
1101 3211 1280 3276 summissis
1300 3213 1409 3295 quiet

258 3315 379 3379 Rornae
403 3321 580 3381 morantem
609 3318 722 3380 litibus
746 3323 778 3381 et
802 3320 834 3382 in
863 3339 989 3382 secessu
1013 3319 1229 3400 quiescentem
1253 3342 1311 3402 per
1333 3341 1408 3382 oon-

331 3487 413 3550 lsqq.
434 3484 467 3547 ef.
490 3485 574 3537 Soloi.
595 3486 658 3537 Inn.
677 3490 700 3548 1,
713 3489 745 3536 71

332 3626 462 3695 latque]
483 3627 511 3677 et
527 3626 553 3678 G
617 3625 739 3678 2deleri
756 3628 809 3680 Me
824 3628 872 3694 (eie
887 3626 979 3680 Suet?
998 3629 1032 3693 cf.
1054 3629 1130 3698 Vesy.
1142 3631 1167 3693 5,
1177 3631 1205 3696 2)
1261 3629 1408 3697 consepire

223 3773 226 3778 Ι
258 3705 374 3773 Bentley
466 3705 621 3758 3maceria
643 3706 791 3760 Gnlherins
810 3707 987 3774 (Reineeinel,
1010 3708 1131 3760 materia
1145 3709 1171 3759 n
1263 3707 1409 3762 llocusta

260 3783 388 3851 QLP¹T
402 3786 474 3852 (item
491 3788 506 3838 l.
523 3789 567 3853 ln)
632 3787 794 3837 ueneiorunr
809 3786 906 3839 inclite
924 3789 954 3852 T,
973 3787 1187 3840 uenenariorum
1206 3791 1308 3856 (arum
1325 3788 1410 3858 Onel.)

258 3862 365 3930 inclyta
385 3881 414 3929 ς,
440 3882 611 3918 uenenorum
636 3869 815 3932 (uenenorum
841 3886 852 3919 e
877 3874 938 3920 teste
959 3868 1189 3936 Prend'lronimio)
1213 3868 1306 3921 indice
1322 3869 1409 3936 Geye-

258 3949 314 4007 lne,
337 3960 508 3997 uenenorum
527 3945 682 3997 uenditrice
703 3946 818 4012 (artifice
839 3947 871 3998 P.
889 3947 1014 4015 lliomus)
1034 3949 1078 4000 nel
1096 3947 1249 4000 uenenaria
1267 3947 1409 4003 institrioe

258 4023 405 4090 Heinsius,
433 4026 646 4078 uenenariorum
670 4025 797 4092 principe
822 4027 1045 4094 wiltescire,
1072 4044 1244 4081 uenenorum
1269 4029 1408 4082 rariorum

259 4103 409 4170 (uariorum
433 4123 479 4175 eyo
499 4106 592 4158 Herm.
609 4109 644 4159 36
659 4123 687 4174 p.
703 4109 769 4168 296)
793 4105 884 4158 indice
906 4109 1024 4178 Madviy
1132 4113 1147 4160 8
1167 4107 1315 4162 acersitam
1337 4111 1374 4163 M
1377 4111 1407 4176 T,

258 4197 364 4235 accers-
380 4185 460 4238 &Pr
545 4190 577 4237 10
597 4185 688 4236 minus
708 4185 831 4255 (uelox)
845 4187 981 4241 Iernstedt
1068 4194 1099 4241 19
1119 4190 1226 4242 nouatu
1236 4178 1314 4257 '11¹Q,
1332 4205 1409 4243 noua

258 4260 289 4314 tri
305 4266 332 4316 ll
337 4263 375 4317 ’R
435 4270 468 4316 20
487 4265 668 4332 praemiaque
676 4266 792 4335 Bentley
803 4267 846 4334 (cf.
858 4268 890 4320 P.
902 4268 934 4320 de
948 4268 1112 4335 Winterfeld
1120 4269 1205 4322 acted.
1216 4271 1275 4322 erit.
1282 4287 1311 4337 p.
1323 4273 1371 4336 33)

258 4343 412 4409 discipulas
433 4344 595 4410 Winterfeld
668 4350 700 4396 21
721 4345 798 4397 dieta
816 4345 948 4414 factaque
966 4348 999 4402 N
1001 4365 1017 4406 ς
1039 4349 1135 4419 (only.)
1208 4349 1409 4417 corripientem

258 4424 374 4490 Bentley
393 4425 488 4489 (Boot,
508 4425 605 4491 Polol)
697 4429 729 4477 26
749 4424 778 4476 in
799 4425 964 4479 deuexanda
979 4429 1043 4492 ΧΝ,
1062 4428 1128 4481 inde
1147 4429 1275 4481 uenando
1290 4431 1409 4501 Bentley

258 4507 291 4554 27
311 4505 339 4555 et
358 4503 468 4555 incessu
485 4504 565 4558 MGd
