<?xml version="1.0" encoding="UTF-8"?>
<!DOCTYPE html PUBLIC "-//W3C//DTD XHTML 1.0 Transitional//EN"
    "http://www.w3.org/TR/xhtml1/DTD/xhtml1-transitional.dtd">
<html xmlns="http://www.w3.org/1999/xhtml" xml:lang="en" lang="en">
 <head>
  <title>
</title>
<meta http-equiv="Content-Type" content="text/html;charset=utf-8" />
  <meta name='ocr-system' content='tesseract 3.04.00' />
  <meta name='ocr-capabilities' content='ocr_page ocr_carea ocr_par ocr_line ocrx_word'/>
</head>
<body>
  <div class='ocr_page' id='page_1' title='image "./csuetoniitranqu01suetgoog_0122.png"; bbox 0 0 3142 5112; ppageno 0'>
   <div class='ocr_carea' id='block_1_1' title="bbox 233 356 1030 422">
    <p class='ocr_par' dir='ltr' id='par_1_1' title="bbox 233 356 1030 422">
     <span class='ocr_line' id='line_1_1' title="bbox 233 356 1030 422; baseline 0 -12"><span class='ocrx_word' id='word_1_1' title='bbox 233 357 275 420; x_wconf 78' lang='grc'><strong>52</strong></span> <span class='ocrx_word' id='word_1_2' title='bbox 580 356 607 410; x_wconf 88' lang='lat' dir='ltr'><strong>C.</strong></span> <span class='ocrx_word' id='word_1_3' title='bbox 629 356 787 410; x_wconf 82' lang='lat' dir='ltr'><strong>SVETCNI</strong></span> <span class='ocrx_word' id='word_1_4' title='bbox 805 357 1030 422; x_wconf 81' lang='lat' dir='ltr'><strong>TRANQVILLI</strong></span> 
     </span>
    </p>
   </div>
   <div class='ocr_carea' id='block_1_2' title="bbox 231 517 1430 1354">
    <p class='ocr_par' dir='ltr' id='par_1_2' title="bbox 231 517 1430 1354">
     <span class='ocr_line' id='line_1_2' title="bbox 233 517 1387 606; baseline 0 -22"><span class='ocrx_word' id='word_1_5' title='bbox 233 519 292 584; x_wconf 77' lang='lat' dir='ltr'><strong>Gai</strong></span> <span class='ocrx_word' id='word_1_6' title='bbox 317 517 460 584; x_wconf 79' lang='lat' dir='ltr'><strong>Caesaris</strong></span> <span class='ocrx_word' id='word_1_7' title='bbox 484 523 515 582; x_wconf 89' lang='lat' dir='ltr'><strong>et</strong></span> <span class='ocrx_word' id='word_1_8' title='bbox 538 519 651 582; x_wconf 90' lang='lat' dir='ltr'><strong>deinde</strong></span> <span class='ocrx_word' id='word_1_9' title='bbox 674 518 816 605; x_wconf 82' lang='lat' dir='ltr'>Augusti</span> <span class='ocrx_word' id='word_1_10' title='bbox 839 541 1019 606; x_wconf 79' lang='lat' dir='ltr'>cognomen</span> <span class='ocrx_word' id='word_1_11' title='bbox 1042 519 1225 604; x_wconf 77' lang='lat' dir='ltr'><strong>assumpsit,</strong></span> <span class='ocrx_word' id='word_1_12' title='bbox 1247 520 1387 584; x_wconf 92' lang='lat' dir='ltr'><strong>alterum</strong></span> 
     </span>
     <span class='ocr_line' id='line_1_3' title="bbox 232 625 1386 710; baseline -0.001 -20"><span class='ocrx_word' id='word_1_13' title='bbox 232 630 424 691; x_wconf 90' lang='lat' dir='ltr'><strong>testamento</strong></span> <span class='ocrx_word' id='word_1_14' title='bbox 448 626 578 689; x_wconf 91' lang='lat' dir='ltr'><strong>maioris</strong></span> <span class='ocrx_word' id='word_1_15' title='bbox 597 626 757 710; x_wconf 89' lang='lat' dir='ltr'><strong>auunculi,</strong></span> <span class='ocrx_word' id='word_1_16' title='bbox 782 626 918 691; x_wconf 90' lang='lat' dir='ltr'><strong>alterum</strong></span> <span class='ocrx_word' id='word_1_17' title='bbox 937 626 1065 690; x_wconf 89' lang='lat' dir='ltr'><strong>Munati</strong></span> <span class='ocrx_word' id='word_1_18' title='bbox 1083 625 1195 691; x_wconf 81' lang='lat' dir='ltr'><strong>Planci</strong></span> <span class='ocrx_word' id='word_1_19' title='bbox 1218 627 1386 709; x_wconf 88' lang='lat' dir='ltr'><strong>sententia,</strong></span> 
     </span>
     <span class='ocr_line' id='line_1_4' title="bbox 233 731 1386 818; baseline 0 -21"><span class='ocrx_word' id='word_1_20' title='bbox 233 757 305 798; x_wconf 91' lang='lat' dir='ltr'><strong>cum</strong></span> <span class='ocrx_word' id='word_1_21' title='bbox 326 731 517 817; x_wconf 89' lang='lat' dir='ltr'><strong>quibusdam</strong></span> <span class='ocrx_word' id='word_1_22' title='bbox 537 732 741 797; x_wconf 79' lang='lat' dir='ltr'><strong>censentibus</strong></span> <span class='ocrx_word' id='word_1_23' title='bbox 755 732 931 796; x_wconf 91' lang='lat' dir='ltr'><strong>Romulum</strong></span> <span class='ocrx_word' id='word_1_24' title='bbox 950 733 1106 818; x_wconf 88' lang='lat' dir='ltr'><strong>appellari</strong></span> <span class='ocrx_word' id='word_1_25' title='bbox 1125 739 1274 817; x_wconf 88' lang='lat' dir='ltr'><strong>oportere</strong></span> <span class='ocrx_word' id='word_1_26' title='bbox 1293 734 1386 817; x_wconf 88' lang='lat' dir='ltr'><strong>quasi</strong></span> 
     </span>
     <span class='ocr_line' id='line_1_5' title="bbox 233 838 1386 926; baseline -0.001 -22"><span class='ocrx_word' id='word_1_27' title='bbox 233 844 265 904; x_wconf 92' lang='lat' dir='ltr'><strong>et</strong></span> <span class='ocrx_word' id='word_1_28' title='bbox 288 840 396 923; x_wconf 90' lang='lat' dir='ltr'><strong>ipsum</strong></span> <span class='ocrx_word' id='word_1_29' title='bbox 420 839 619 903; x_wconf 86' lang='lat' dir='ltr'><strong>conditorem</strong></span> <span class='ocrx_word' id='word_1_30' title='bbox 643 839 742 923; x_wconf 87' lang='lat' dir='ltr'><strong>urbis,</strong></span> <span class='ocrx_word' id='word_1_31' title='bbox 766 839 1007 923; x_wconf 86' lang='lat' dir='ltr'><strong>praeualuisset,</strong></span> <span class='ocrx_word' id='word_1_32' title='bbox 1030 844 1068 903; x_wconf 93' lang='lat' dir='ltr'><strong>ut</strong></span> <span class='ocrx_word' id='word_1_33' title='bbox 1086 838 1254 926; x_wconf 89' lang='lat' dir='ltr'><strong>Augustus</strong></span> <span class='ocrx_word' id='word_1_34' title='bbox 1275 838 1386 923; x_wconf 88' lang='lat' dir='ltr'><strong>potius</strong></span> 
     </span>
     <span class='ocr_line' id='line_1_6' title="bbox 232 946 1430 1032; baseline -0.001 -21"><span class='ocrx_word' id='word_1_35' title='bbox 232 951 416 1030; x_wconf 84' lang='lat' dir='ltr'><strong>uocaretur,</strong></span> <span class='ocrx_word' id='word_1_36' title='bbox 443 967 509 1010; x_wconf 92' lang='lat' dir='ltr'><strong>non</strong></span> <span class='ocrx_word' id='word_1_37' title='bbox 537 949 664 1010; x_wconf 90' lang='lat' dir='ltr'><strong>tantum</strong></span> <span class='ocrx_word' id='word_1_38' title='bbox 687 967 773 1010; x_wconf 91' lang='lat' dir='ltr'><strong>nouo</strong></span> <span class='ocrx_word' id='word_1_39' title='bbox 799 946 975 1010; x_wconf 90' lang='lat' dir='ltr'><strong>sedetiam</strong></span> <span class='ocrx_word' id='word_1_40' title='bbox 1004 946 1161 1030; x_wconf 91' lang='lat' dir='ltr'><strong>ampliore</strong></span> <span class='ocrx_word' id='word_1_41' title='bbox 1185 946 1386 1032; x_wconf 78' lang='lat' dir='ltr'><strong>cognomine,</strong></span> <span class='ocrx_word' id='word_1_42' title='bbox 1416 971 1430 1010; x_wconf 83' lang='lat' dir='ltr'><strong>s</strong></span> 
     </span>
     <span class='ocr_line' id='line_1_7' title="bbox 234 1052 1386 1138; baseline 0 -22"><span class='ocrx_word' id='word_1_43' title='bbox 234 1053 322 1137; x_wconf 93' lang='lat' dir='ltr'><strong>quod</strong></span> <span class='ocrx_word' id='word_1_44' title='bbox 343 1053 415 1116; x_wconf 89' lang='lat' dir='ltr'><strong>loca</strong></span> <span class='ocrx_word' id='word_1_45' title='bbox 439 1074 570 1134; x_wconf 92' lang='lat' dir='ltr'><strong>quoque</strong></span> <span class='ocrx_word' id='word_1_46' title='bbox 594 1052 745 1138; x_wconf 89' lang='lat' dir='ltr'><strong>religiosa</strong></span> <span class='ocrx_word' id='word_1_47' title='bbox 768 1057 801 1116; x_wconf 89' lang='lat' dir='ltr'><strong>et</strong></span> <span class='ocrx_word' id='word_1_48' title='bbox 823 1052 858 1115; x_wconf 92' lang='lat' dir='ltr'><strong>in</strong></span> <span class='ocrx_word' id='word_1_49' title='bbox 883 1052 1002 1135; x_wconf 91' lang='lat' dir='ltr'><strong>quibus</strong></span> <span class='ocrx_word' id='word_1_50' title='bbox 1025 1057 1184 1138; x_wconf 89' lang='lat' dir='ltr'><strong>augurato</strong></span> <span class='ocrx_word' id='word_1_51' title='bbox 1210 1053 1287 1136; x_wconf 92' lang='lat' dir='ltr'><strong>quid</strong></span> <span class='ocrx_word' id='word_1_52' title='bbox 1311 1075 1386 1117; x_wconf 91' lang='lat' dir='ltr'><strong>con-</strong></span> 
     </span>
     <span class='ocr_line' id='line_1_8' title="bbox 232 1158 1385 1246; baseline -0.002 -22"><span class='ocrx_word' id='word_1_53' title='bbox 232 1164 376 1224; x_wconf 89' lang='lat' dir='ltr'><strong>secratur</strong></span> <span class='ocrx_word' id='word_1_54' title='bbox 409 1164 545 1244; x_wconf 90' lang='lat' dir='ltr'><strong>augusta</strong></span> <span class='ocrx_word' id='word_1_55' title='bbox 578 1159 740 1242; x_wconf 82' lang='lat' dir='ltr'><strong>dicantur,</strong></span> <span class='ocrx_word' id='word_1_56' title='bbox 773 1158 814 1222; x_wconf 93' lang='lat' dir='ltr'><strong>ab</strong></span> <span class='ocrx_word' id='word_1_57' title='bbox 849 1164 945 1223; x_wconf 90' lang='lat' dir='ltr'><strong>auctu</strong></span> <span class='ocrx_word' id='word_1_58' title='bbox 982 1161 1036 1224; x_wconf 93' lang='lat' dir='ltr'><strong>uel</strong></span> <span class='ocrx_word' id='word_1_59' title='bbox 1073 1158 1113 1222; x_wconf 91' lang='lat' dir='ltr'><strong>ab</strong></span> <span class='ocrx_word' id='word_1_60' title='bbox 1149 1159 1258 1223; x_wconf 91' lang='lat' dir='ltr'><strong>auium</strong></span> <span class='ocrx_word' id='word_1_61' title='bbox 1290 1165 1385 1246; x_wconf 88' lang='lat' dir='ltr'><strong>gestu</strong></span> 
     </span>
     <span class='ocr_line' id='line_1_9' title="bbox 231 1263 1338 1354; baseline -0.002 -22"><span class='ocrx_word' id='word_1_62' title='bbox 231 1273 380 1354; x_wconf 86' lang='lat' dir='ltr'><strong>gustuue,</strong></span> <span class='ocrx_word' id='word_1_63' title='bbox 404 1265 487 1330; x_wconf 90' lang='lat' dir='ltr'><strong>sicut</strong></span> <span class='ocrx_word' id='word_1_64' title='bbox 512 1264 609 1328; x_wconf 91' lang='lat' dir='ltr'><strong>etiam</strong></span> <span class='ocrx_word' id='word_1_65' title='bbox 630 1264 755 1328; x_wconf 83' lang='lat' dir='ltr'><strong>Ennius</strong></span> <span class='ocrx_word' id='word_1_66' title='bbox 778 1266 873 1348; x_wconf 76' lang='lat' dir='ltr'><strong>&lt;aaa</strong></span> <span class='ocrx_word' id='word_1_67' title='bbox 894 1268 958 1330; x_wconf 80' lang='lat'><strong>502</strong></span> <span class='ocrx_word' id='word_1_68' title='bbox 973 1263 1043 1348; x_wconf 70' lang='lat' dir='ltr'><strong>W&gt;</strong></span> <span class='ocrx_word' id='word_1_69' title='bbox 1067 1265 1160 1329; x_wconf 89' lang='lat' dir='ltr'><strong>docet</strong></span> <span class='ocrx_word' id='word_1_70' title='bbox 1184 1265 1338 1330; x_wconf 89' lang='lat' dir='ltr'><strong>scribens:</strong></span> 
     </span>
    </p>
   </div>
   <div class='ocr_carea' id='block_1_3' title="bbox 254 1388 1384 1476">
    <p class='ocr_par' dir='ltr' id='par_1_3' title="bbox 254 1388 1384 1476">
     <span class='ocr_line' id='line_1_10' title="bbox 254 1388 1384 1476; baseline 0.001 -21"><span class='ocrx_word' id='word_1_71' title='bbox 254 1391 430 1476; x_wconf 88' lang='lat' dir='ltr'><strong>Augusto</strong></span> <span class='ocrx_word' id='word_1_72' title='bbox 447 1390 609 1476; x_wconf 87' lang='lat' dir='ltr'><strong>augurio</strong></span> <span class='ocrx_word' id='word_1_73' title='bbox 623 1394 829 1474; x_wconf 80' lang='lat' dir='ltr'><strong>postquam</strong></span> <span class='ocrx_word' id='word_1_74' title='bbox 849 1390 999 1454; x_wconf 90' lang='lat' dir='ltr'><strong>incluta</strong></span> <span class='ocrx_word' id='word_1_75' title='bbox 1015 1388 1171 1454; x_wconf 88' lang='lat' dir='ltr'><strong>condita</strong></span> <span class='ocrx_word' id='word_1_76' title='bbox 1185 1389 1303 1454; x_wconf 86' lang='lat' dir='ltr'><strong>Roma</strong></span> <span class='ocrx_word' id='word_1_77' title='bbox 1318 1397 1384 1457; x_wconf 89' lang='lat' dir='ltr'><strong>est.</strong></span> 
     </span>
    </p>
   </div>
   <div class='ocr_carea' id='block_1_4' title="bbox 198 1514 1430 2134">
    <p class='ocr_par' dir='ltr' id='par_1_4' title="bbox 198 1514 1430 2134">
     <span class='ocr_line' id='line_1_11' title="bbox 198 1514 1430 1602; baseline -0.002 -22"><span class='ocrx_word' id='word_1_78' title='bbox 198 1515 219 1580; x_wconf 88' lang='grc'>8</span> <span class='ocrx_word' id='word_1_79' title='bbox 324 1515 516 1592; x_wconf 83' lang='lat' dir='ltr'><strong>Quadrimus</strong></span> <span class='ocrx_word' id='word_1_80' title='bbox 549 1520 675 1598; x_wconf 90' lang='lat' dir='ltr'><strong>patrem</strong></span> <span class='ocrx_word' id='word_1_81' title='bbox 708 1514 825 1578; x_wconf 87' lang='lat' dir='ltr'><strong>amisit.</strong></span> <span class='ocrx_word' id='word_1_82' title='bbox 875 1515 1099 1579; x_wconf 90' lang='lat' dir='ltr'><strong>duodecimum</strong></span> <span class='ocrx_word' id='word_1_83' title='bbox 1133 1537 1252 1579; x_wconf 91' lang='lat' dir='ltr'><strong>annum</strong></span> <span class='ocrx_word' id='word_1_84' title='bbox 1285 1538 1385 1602; x_wconf 84' lang='lat' dir='ltr'><strong>agens</strong></span> <span class='ocrx_word' id='word_1_85' title='bbox 1400 1539 1430 1578; x_wconf 85' lang='lat' dir='ltr'><strong>ro</strong></span> 
     </span>
     <span class='ocr_line' id='line_1_12' title="bbox 233 1619 1384 1706; baseline 0 -20"><span class='ocrx_word' id='word_1_86' title='bbox 233 1623 339 1686; x_wconf 89' lang='lat' dir='ltr'><strong>auiam</strong></span> <span class='ocrx_word' id='word_1_87' title='bbox 362 1619 479 1685; x_wconf 84' lang='lat' dir='ltr'><strong>lutiam</strong></span> <span class='ocrx_word' id='word_1_88' title='bbox 503 1621 686 1684; x_wconf 85' lang='lat' dir='ltr'><strong>defunctam</strong></span> <span class='ocrx_word' id='word_1_89' title='bbox 713 1643 772 1704; x_wconf 90' lang='lat' dir='ltr'><strong>pro</strong></span> <span class='ocrx_word' id='word_1_90' title='bbox 799 1623 949 1685; x_wconf 88' lang='lat' dir='ltr'><strong>contione</strong></span> <span class='ocrx_word' id='word_1_91' title='bbox 972 1621 1127 1684; x_wconf 90' lang='lat' dir='ltr'><strong>laudauit.</strong></span> <span class='ocrx_word' id='word_1_92' title='bbox 1173 1621 1384 1706; x_wconf 89' lang='lat' dir='ltr'><strong>quadriennio</strong></span> 
     </span>
     <span class='ocr_line' id='line_1_13' title="bbox 232 1723 1384 1814; baseline -0.001 -21"><span class='ocrx_word' id='word_1_93' title='bbox 232 1733 308 1813; x_wconf 92' lang='lat' dir='ltr'><strong>post</strong></span> <span class='ocrx_word' id='word_1_94' title='bbox 331 1728 419 1792; x_wconf 91' lang='lat' dir='ltr'><strong>uirili</strong></span> <span class='ocrx_word' id='word_1_95' title='bbox 447 1733 525 1814; x_wconf 88' lang='lat' dir='ltr'><strong>toga</strong></span> <span class='ocrx_word' id='word_1_96' title='bbox 553 1731 682 1811; x_wconf 91' lang='lat' dir='ltr'><strong>sumpta</strong></span> <span class='ocrx_word' id='word_1_97' title='bbox 705 1723 900 1792; x_wconf 88' lang='lat' dir='ltr'><strong>militaribus</strong></span> <span class='ocrx_word' id='word_1_98' title='bbox 929 1727 1028 1792; x_wconf 91' lang='lat' dir='ltr'><strong>donis·</strong></span> <span class='ocrx_word' id='word_1_99' title='bbox 1045 1728 1212 1811; x_wconf 89' lang='lat' dir='ltr'><strong>triumpho</strong></span> <span class='ocrx_word' id='word_1_100' title='bbox 1238 1727 1384 1792; x_wconf 88' lang='lat' dir='ltr'><strong>Caesaris</strong></span> 
     </span>
     <span class='ocr_line' id='line_1_14' title="bbox 233 1833 1384 1918; baseline -0.002 -18"><span class='ocrx_word' id='word_1_101' title='bbox 233 1833 385 1900; x_wconf 86' lang='lat' dir='ltr'><strong>Africano</strong></span> <span class='ocrx_word' id='word_1_102' title='bbox 409 1836 547 1900; x_wconf 88' lang='lat' dir='ltr'><strong>donatus</strong></span> <span class='ocrx_word' id='word_1_103' title='bbox 567 1839 624 1918; x_wconf 86' lang='lat' dir='ltr'><strong>est,</strong></span> <span class='ocrx_word' id='word_1_104' title='bbox 648 1856 832 1918; x_wconf 86' lang='lat' dir='ltr'><strong>quanquam</strong></span> <span class='ocrx_word' id='word_1_105' title='bbox 852 1856 965 1917; x_wconf 86' lang='lat' dir='ltr'><strong>expers</strong></span> <span class='ocrx_word' id='word_1_106' title='bbox 984 1833 1062 1897; x_wconf 91' lang='lat' dir='ltr'><strong>belli</strong></span> <span class='ocrx_word' id='word_1_107' title='bbox 1080 1839 1215 1918; x_wconf 91' lang='lat' dir='ltr'><strong>propter</strong></span> <span class='ocrx_word' id='word_1_108' title='bbox 1238 1840 1384 1899; x_wconf 89' lang='lat' dir='ltr'><strong>aetatem.</strong></span> 
     </span>
     <span class='ocr_line' id='line_1_15' title="bbox 232 1939 1384 2028; baseline -0.003 -21"><span class='ocrx_word' id='word_1_109' title='bbox 232 1943 414 2028; x_wconf 86' lang='lat' dir='ltr'><strong>profectum</strong></span> <span class='ocrx_word' id='word_1_110' title='bbox 437 1963 513 2006; x_wconf 90' lang='lat' dir='ltr'><strong>mox</strong></span> <span class='ocrx_word' id='word_1_111' title='bbox 537 1941 732 2005; x_wconf 90' lang='lat' dir='ltr'><strong>auunculum</strong></span> <span class='ocrx_word' id='word_1_112' title='bbox 755 1942 789 2004; x_wconf 90' lang='lat' dir='ltr'><strong>in</strong></span> <span class='ocrx_word' id='word_1_113' title='bbox 807 1940 981 2024; x_wconf 88' lang='lat' dir='ltr'><strong>Hispanias</strong></span> <span class='ocrx_word' id='word_1_114' title='bbox 1002 1941 1155 2004; x_wconf 85' lang='lat' dir='ltr'><strong>aduersus</strong></span> <span class='ocrx_word' id='word_1_115' title='bbox 1175 1939 1230 2005; x_wconf 93' lang='lat' dir='ltr'><strong>Cn.</strong></span> <span class='ocrx_word' id='word_1_116' title='bbox 1249 1940 1384 2025; x_wconf 91' lang='lat' dir='ltr'><strong>Pompei</strong></span> 
     </span>
     <span class='ocr_line' id='line_1_16' title="bbox 233 2046 1430 2134; baseline -0.003 -20"><span class='ocrx_word' id='word_1_117' title='bbox 233 2051 352 2116; x_wconf 92' lang='lat' dir='ltr'><strong>liberos</strong></span> <span class='ocrx_word' id='word_1_118' title='bbox 371 2049 504 2113; x_wconf 89' lang='lat' dir='ltr'><strong>uixdum</strong></span> <span class='ocrx_word' id='word_1_119' title='bbox 523 2049 635 2112; x_wconf 90' lang='lat' dir='ltr'><strong>firmus</strong></span> <span class='ocrx_word' id='word_1_120' title='bbox 654 2071 672 2112; x_wconf 90' lang='lat' dir='ltr'><strong>a</strong></span> <span class='ocrx_word' id='word_1_121' title='bbox 690 2048 783 2134; x_wconf 84' lang='lat' dir='ltr'><strong>graui</strong></span> <span class='ocrx_word' id='word_1_122' title='bbox 804 2047 983 2111; x_wconf 90' lang='lat' dir='ltr'><strong>ualitudine</strong></span> <span class='ocrx_word' id='word_1_123' title='bbox 1002 2069 1061 2130; x_wconf 90' lang='lat' dir='ltr'><strong>per</strong></span> <span class='ocrx_word' id='word_1_124' title='bbox 1079 2046 1213 2112; x_wconf 86' lang='lat' dir='ltr'><strong>infestas</strong></span> <span class='ocrx_word' id='word_1_125' title='bbox 1232 2047 1384 2113; x_wconf 89' lang='lat' dir='ltr'><strong>hostibus</strong></span> <span class='ocrx_word' id='word_1_126' title='bbox 1399 2071 1430 2111; x_wconf 79' lang='lat' dir='ltr'><strong>rs</strong></span> 
     </span>
    </p>
   </div>
   <div class='ocr_carea' id='block_1_5' title="bbox 231 2293 1385 3882">
    <p class='ocr_par' dir='ltr' id='par_1_5' title="bbox 231 2293 1385 3882">
     <span class='ocr_line' id='line_1_17' title="bbox 234 2293 1383 2363; baseline -0.002 -13"><span class='ocrx_word' id='word_1_127' title='bbox 234 2296 369 2351; x_wconf 86' lang='lat' dir='ltr'><strong>obtulisse</strong></span> <span class='ocrx_word' id='word_1_128' title='bbox 389 2297 415 2350; x_wconf 91' lang='lat' dir='ltr'><strong>ei</strong></span> <span class='ocrx_word' id='word_1_129' title='bbox 433 2297 489 2349; x_wconf 87' lang='lat' dir='ltr'><strong>tria</strong></span> <span class='ocrx_word' id='word_1_130' title='bbox 505 2295 628 2361; x_wconf 86' lang='lat' dir='ltr'><strong>nomina,</strong></span> <span class='ocrx_word' id='word_1_131' title='bbox 644 2293 753 2357; x_wconf 82' lang='lat' dir='ltr'><strong>Quirini</strong></span> <span class='ocrx_word' id='word_1_132' title='bbox 772 2293 878 2362; x_wconf 86' lang='lat' dir='ltr'><strong>(Cyrini</strong></span> <span class='ocrx_word' id='word_1_133' title='bbox 896 2301 963 2360; x_wconf 73' lang='lat' dir='ltr'><strong>pars</strong></span> <span class='ocrx_word' id='word_1_134' title='bbox 982 2295 1078 2363; x_wconf 76' lang='lat' dir='ltr'><strong>codd),</strong></span> <span class='ocrx_word' id='word_1_135' title='bbox 1097 2293 1227 2362; x_wconf 86' lang='lat' dir='ltr'><strong>Augusti,</strong></span> <span class='ocrx_word' id='word_1_136' title='bbox 1248 2293 1383 2348; x_wconf 83' lang='lat' dir='ltr'><strong>Caesaris.</strong></span> 
     </span>
     <span class='ocr_line' id='line_1_18' title="bbox 233 2372 1384 2445; baseline -0.003 -15"><span class='ocrx_word' id='word_1_137' title='bbox 233 2377 290 2444; x_wconf 83' lang='lat' dir='ltr'><strong>ille,</strong></span> <span class='ocrx_word' id='word_1_138' title='bbox 310 2395 344 2430; x_wconf 91' lang='lat' dir='ltr'><strong>ne</strong></span> <span class='ocrx_word' id='word_1_139' title='bbox 363 2395 450 2429; x_wconf 90' lang='lat' dir='ltr'><strong>unum</strong></span> <span class='ocrx_word' id='word_1_140' title='bbox 469 2375 599 2445; x_wconf 88' lang='lat' dir='ltr'><strong>eligendo</strong></span> <span class='ocrx_word' id='word_1_141' title='bbox 621 2374 691 2426; x_wconf 89' lang='lat' dir='ltr'><strong>alias</strong></span> <span class='ocrx_word' id='word_1_142' title='bbox 711 2373 866 2427; x_wconf 87' lang='lat' dir='ltr'><strong>offenderet</strong></span> <span class='ocrx_word' id='word_1_143' title='bbox 884 2375 987 2443; x_wconf 78' lang='lat' dir='ltr'><strong>partes,</strong></span> <span class='ocrx_word' id='word_1_144' title='bbox 1007 2373 1097 2442; x_wconf 90' lang='lat' dir='ltr'><strong>primo</strong></span> <span class='ocrx_word' id='word_1_145' title='bbox 1114 2372 1245 2436; x_wconf 83' lang='lat' dir='ltr'><strong>Quirinus</strong></span> <span class='ocrx_word' id='word_1_146' title='bbox 1264 2376 1308 2427; x_wconf 90' lang='lat' dir='ltr'><strong>est</strong></span> <span class='ocrx_word' id='word_1_147' title='bbox 1325 2375 1384 2428; x_wconf 90' lang='lat' dir='ltr'><strong>dic-</strong></span> 
     </span>
     <span class='ocr_line' id='line_1_19' title="bbox 234 2453 1383 2524; baseline -0.002 -14"><span class='ocrx_word' id='word_1_148' title='bbox 234 2460 287 2524; x_wconf 73' lang='lat' dir='ltr'><strong>tus,</strong></span> <span class='ocrx_word' id='word_1_149' title='bbox 307 2457 373 2511; x_wconf 92' lang='lat' dir='ltr'><strong>inde</strong></span> <span class='ocrx_word' id='word_1_150' title='bbox 393 2457 502 2521; x_wconf 89' lang='lat' dir='ltr'><strong>Caesar,</strong></span> <span class='ocrx_word' id='word_1_151' title='bbox 522 2456 587 2524; x_wconf 89' lang='lat' dir='ltr'><strong>post</strong></span> <span class='ocrx_word' id='word_1_152' title='bbox 601 2455 630 2506; x_wconf 93' lang='lat' dir='ltr'><strong>in</strong></span> <span class='ocrx_word' id='word_1_153' title='bbox 645 2454 757 2506; x_wconf 89' lang='lat' dir='ltr'><strong>nomine</strong></span> <span class='ocrx_word' id='word_1_154' title='bbox 771 2454 928 2522; x_wconf 88' lang='lat' dir='ltr'><strong>permansit</strong></span> <span class='ocrx_word' id='word_1_155' title='bbox 943 2453 1074 2522; x_wconf 85' lang='lat' dir='ltr'><strong>Augusti.</strong></span> <span class='ocrx_word' id='word_1_156' title='bbox 1112 2455 1147 2519; x_wconf 86' lang='lat' dir='ltr'><strong>cf.</strong></span> <span class='ocrx_word' id='word_1_157' title='bbox 1167 2454 1239 2523; x_wconf 77' lang='lat' dir='ltr'><strong>Lyd.</strong></span> <span class='ocrx_word' id='word_1_158' title='bbox 1255 2455 1287 2509; x_wconf 83' lang='lat' dir='ltr'><strong>de</strong></span> <span class='ocrx_word' id='word_1_159' title='bbox 1300 2472 1383 2508; x_wconf 78' lang='lat' dir='ltr'><strong>mena.</strong></span> 
     </span>
     <span class='ocr_line' id='line_1_20' title="bbox 233 2529 1385 2606; baseline -0.002 -16"><span class='ocrx_word' id='word_1_160' title='bbox 233 2542 259 2604; x_wconf 77' lang='lat'><strong>4,</strong></span> <span class='ocrx_word' id='word_1_161' title='bbox 276 2542 311 2592; x_wconf 82' lang='lat'><strong>72</strong></span> <span class='ocrx_word' id='word_1_162' title='bbox 335 2541 374 2606; x_wconf 77' lang='lat' dir='ltr'><strong>(p.</strong></span> <span class='ocrx_word' id='word_1_163' title='bbox 391 2543 444 2591; x_wconf 85' lang='grc'><em>150</em></span> <span class='ocrx_word' id='word_1_164' title='bbox 460 2537 512 2606; x_wconf 85' lang='lat' dir='ltr'><strong>W.)</strong></span> <span class='ocrx_word' id='word_1_165' title='bbox 541 2536 589 2589; x_wconf 83' lang='lat' dir='ltr'><strong>acl</strong></span> <span class='ocrx_word' id='word_1_166' title='bbox 615 2529 696 2594; x_wconf 75' lang='grc' dir='ltr'><strong><em>οὗτος</em></strong></span> <span class='ocrx_word' id='word_1_167' title='bbox 721 2532 752 2588; x_wconf 76' lang='grc' dir='ltr'><strong>δὲ</strong></span> <span class='ocrx_word' id='word_1_168' title='bbox 778 2533 972 2603; x_wconf 66' lang='grc' dir='ltr'><strong><em>ὁΑὔγουστος</em></strong></span> <span class='ocrx_word' id='word_1_169' title='bbox 990 2537 1113 2601; x_wconf 88' lang='grc' dir='ltr'><strong><em>Καῖσαρ,</em></strong></span> <span class='ocrx_word' id='word_1_170' title='bbox 1141 2532 1204 2597; x_wconf 84' lang='grc' dir='ltr'><strong><em>υἱὸς</em></strong></span> <span class='ocrx_word' id='word_1_171' title='bbox 1228 2531 1385 2605; x_wconf 81' lang='grc' dir='ltr'><strong><em>Ὀκταβίου,</em></strong></span> 
     </span>
     <span class='ocr_line' id='line_1_21' title="bbox 231 2611 1384 2687; baseline -0.003 -15"><span class='ocrx_word' id='word_1_172' title='bbox 231 2616 412 2687; x_wconf 83' lang='grc' dir='ltr'><strong><em>Ὀκταβιανὸς</em></strong></span> <span class='ocrx_word' id='word_1_173' title='bbox 427 2615 563 2685; x_wconf 82' lang='grc' dir='ltr'><strong><em>πρότερον</em></strong></span> <span class='ocrx_word' id='word_1_174' title='bbox 579 2615 701 2669; x_wconf 77' lang='grc' dir='ltr'><strong><em>ἐκαλεῖτο</em></strong></span> <span class='ocrx_word' id='word_1_175' title='bbox 718 2657 759 2667; x_wconf 90' lang='grc'><strong>...</strong></span> <span class='ocrx_word' id='word_1_176' title='bbox 775 2614 842 2684; x_wconf 80' lang='grc' dir='ltr'><strong><em>μετὰ</em></strong></span> <span class='ocrx_word' id='word_1_177' title='bbox 854 2613 928 2685; x_wconf 77' lang='grc' dir='ltr'><strong>(δὲ)</strong></span> <span class='ocrx_word' id='word_1_178' title='bbox 936 2612 971 2667; x_wconf 82' lang='grc' dir='ltr'><strong>τὰ</strong></span> <span class='ocrx_word' id='word_1_179' title='bbox 986 2613 1137 2667; x_wconf 74' lang='grc' dir='ltr'><strong><em>πολλάναὶ</em></strong></span> <span class='ocrx_word' id='word_1_180' title='bbox 1152 2613 1258 2683; x_wconf 77' lang='grc' dir='ltr'><strong><em>μεγάλοι</em></strong></span> <span class='ocrx_word' id='word_1_181' title='bbox 1274 2611 1384 2669; x_wconf 78' lang='grc' dir='ltr'><strong><em>ἐκείνου</em></strong></span> 
     </span>
     <span class='ocr_line' id='line_1_22' title="bbox 233 2691 1384 2765; baseline -0.003 -14"><span class='ocrx_word' id='word_1_182' title='bbox 233 2695 356 2765; x_wconf 82' lang='grc' dir='ltr'><strong><em>τρόπαια</em></strong></span> <span class='ocrx_word' id='word_1_183' title='bbox 375 2700 486 2756; x_wconf 72' lang='grc' dir='ltr'><strong><em>πολλοῖς</em></strong></span> <span class='ocrx_word' id='word_1_184' title='bbox 505 2693 643 2763; x_wconf 85' lang='grc' dir='ltr'><strong><em>ὀνόμασιν</em></strong></span> <span class='ocrx_word' id='word_1_185' title='bbox 664 2694 786 2761; x_wconf 80' lang='grc' dir='ltr'><strong>ἐτιμᾶτο·</strong></span> <span class='ocrx_word' id='word_1_186' title='bbox 808 2691 835 2746; x_wconf 83' lang='grc' dir='ltr'><strong>οἱ</strong></span> <span class='ocrx_word' id='word_1_187' title='bbox 854 2691 904 2762; x_wconf 78' lang='grc' dir='ltr'><strong>μὲν</strong></span> <span class='ocrx_word' id='word_1_188' title='bbox 924 2692 977 2762; x_wconf 82' lang='grc' dir='ltr'><strong>γὰρ</strong></span> <span class='ocrx_word' id='word_1_189' title='bbox 997 2693 1083 2746; x_wconf 79' lang='grc' dir='ltr'><strong><em>αὐτὸν</em></strong></span> <span class='ocrx_word' id='word_1_190' title='bbox 1099 2691 1243 2762; x_wconf 80' lang='grc' dir='ltr'><strong><em>ὠνόμαζον</em></strong></span> <span class='ocrx_word' id='word_1_191' title='bbox 1258 2699 1384 2761; x_wconf 81' lang='grc' dir='ltr'><strong><em>Κυρῖνον</em></strong></span> 
     </span>
     <span class='ocr_line' id='line_1_23' title="bbox 235 2770 1385 2844; baseline -0.004 -13"><span class='ocrx_word' id='word_1_192' title='bbox 235 2777 322 2831; x_wconf 78' lang='grc' dir='ltr'><strong><em>οἱονεὶ</em></strong></span> <span class='ocrx_word' id='word_1_193' title='bbox 337 2775 485 2844; x_wconf 77' lang='grc' dir='ltr'><strong><em>Ῥωμύλον,</em></strong></span> <span class='ocrx_word' id='word_1_194' title='bbox 505 2775 582 2828; x_wconf 74' lang='grc' dir='ltr'><strong><em>ἄλλοι</em></strong></span> <span class='ocrx_word' id='word_1_195' title='bbox 601 2770 740 2840; x_wconf 84' lang='grc' dir='ltr'><strong><em>Καίσαρα,</em></strong></span> <span class='ocrx_word' id='word_1_196' title='bbox 759 2771 847 2843; x_wconf 80' lang='grc' dir='ltr'><em>ψήφῳ</em></span> <span class='ocrx_word' id='word_1_197' title='bbox 869 2773 899 2826; x_wconf 77' lang='grc' dir='ltr'><strong>δὲ</strong></span> <span class='ocrx_word' id='word_1_198' title='bbox 919 2779 1000 2842; x_wconf 78' lang='grc' dir='ltr'><strong><em>κοινῇ</em></strong></span> <span class='ocrx_word' id='word_1_199' title='bbox 1020 2781 1076 2826; x_wconf 85' lang='grc' dir='ltr'><strong>τῶν</strong></span> <span class='ocrx_word' id='word_1_200' title='bbox 1095 2772 1248 2844; x_wconf 78' lang='grc' dir='ltr'><strong><em>ἀρχιερέων</em></strong></span> <span class='ocrx_word' id='word_1_201' title='bbox 1266 2775 1314 2828; x_wconf 80' lang='grc' dir='ltr'><strong>καὶ</strong></span> <span class='ocrx_word' id='word_1_202' title='bbox 1333 2781 1385 2842; x_wconf 83' lang='grc' dir='ltr'><strong>τῆς</strong></span> 
     </span>
     <span class='ocr_line' id='line_1_24' title="bbox 234 2851 1383 2926; baseline -0.003 -16"><span class='ocrx_word' id='word_1_203' title='bbox 234 2860 336 2925; x_wconf 76' lang='grc' dir='ltr'><strong><em>βουλῆς</em></strong></span> <span class='ocrx_word' id='word_1_204' title='bbox 354 2857 516 2926; x_wconf 72' lang='grc' dir='ltr'><strong><em>Αὔγουστος</em></strong></span> <span class='ocrx_word' id='word_1_205' title='bbox 541 2853 690 2921; x_wconf 78' lang='grc' dir='ltr'><strong><em>ἐπεκλήθη.</em></strong></span> <span class='ocrx_word' id='word_1_206' title='bbox 753 2859 778 2926; x_wconf 23' lang='grc'><strong>,1</strong></span> <span class='ocrx_word' id='word_1_207' title='bbox 810 2853 901 2906; x_wconf 83' lang='lat' dir='ltr'><strong>Victor</strong></span> <span class='ocrx_word' id='word_1_208' title='bbox 926 2854 1077 2918; x_wconf 83' lang='lat' dir='ltr'><strong>Caes.1,1</strong></span> <span class='ocrx_word' id='word_1_209' title='bbox 1102 2851 1274 2907; x_wconf 84' lang='lat' dir='ltr'><strong>Octauianus</strong></span> <span class='ocrx_word' id='word_1_210' title='bbox 1302 2856 1383 2922; x_wconf 88' lang='lat' dir='ltr'><strong>patre</strong></span> 
     </span>
     <span class='ocr_line' id='line_1_25' title="bbox 235 2931 1384 3004; baseline -0.003 -13"><span class='ocrx_word' id='word_1_211' title='bbox 235 2937 352 2990; x_wconf 90' lang='lat' dir='ltr'><strong>Octauio</strong></span> <span class='ocrx_word' id='word_1_212' title='bbox 378 2939 462 3004; x_wconf 89' lang='lat' dir='ltr'><strong>atque</strong></span> <span class='ocrx_word' id='word_1_213' title='bbox 487 2935 639 3003; x_wconf 89' lang='lat' dir='ltr'><strong>adoptione</strong></span> <span class='ocrx_word' id='word_1_214' title='bbox 661 2934 758 3002; x_wconf 86' lang='lat' dir='ltr'><strong>magui</strong></span> <span class='ocrx_word' id='word_1_215' title='bbox 782 2932 915 2986; x_wconf 84' lang='lat' dir='ltr'><strong>auunculi</strong></span> <span class='ocrx_word' id='word_1_216' title='bbox 942 2931 1068 2986; x_wconf 86' lang='lat' dir='ltr'><strong>Caesaris</strong></span> <span class='ocrx_word' id='word_1_217' title='bbox 1093 2949 1126 2985; x_wconf 91' lang='lat' dir='ltr'><strong>ac</strong></span> <span class='ocrx_word' id='word_1_218' title='bbox 1149 2941 1213 2985; x_wconf 81' lang='lat' dir='ltr'><strong>mox</strong></span> <span class='ocrx_word' id='word_1_219' title='bbox 1236 2950 1384 3003; x_wconf 89' lang='lat' dir='ltr'><strong>procerum</strong></span> 
     </span>
     <span class='ocr_line' id='line_1_26' title="bbox 234 3012 1383 3083; baseline -0.003 -12"><span class='ocrx_word' id='word_1_220' title='bbox 234 3017 361 3072; x_wconf 87' lang='lat' dir='ltr'><strong>consulto</strong></span> <span class='ocrx_word' id='word_1_221' title='bbox 381 3016 416 3069; x_wconf 94' lang='lat' dir='ltr'><strong>ob</strong></span> <span class='ocrx_word' id='word_1_222' title='bbox 435 3016 584 3069; x_wconf 88' lang='lat' dir='ltr'><strong>uictoriam</strong></span> <span class='ocrx_word' id='word_1_223' title='bbox 607 3015 730 3083; x_wconf 88' lang='lat' dir='ltr'><strong>partium</strong></span> <span class='ocrx_word' id='word_1_224' title='bbox 750 3013 862 3082; x_wconf 88' lang='lat' dir='ltr'><strong>placide</strong></span> <span class='ocrx_word' id='word_1_225' title='bbox 887 3013 1038 3066; x_wconf 84' lang='lat' dir='ltr'><strong>exercitam</strong></span> <span class='ocrx_word' id='word_1_226' title='bbox 1058 3012 1178 3082; x_wconf 83' lang='lat' dir='ltr'><strong>Augusti</strong></span> <span class='ocrx_word' id='word_1_227' title='bbox 1198 3016 1383 3082; x_wconf 86' lang='lat' dir='ltr'><strong>cognomento</strong></span> 
     </span>
     <span class='ocr_line' id='line_1_27' title="bbox 234 3091 1383 3165; baseline -0.004 -14"><span class='ocrx_word' id='word_1_228' title='bbox 234 3099 334 3151; x_wconf 89' lang='lat' dir='ltr'><strong>dictus.</strong></span> <span class='ocrx_word' id='word_1_229' title='bbox 373 3098 449 3165; x_wconf 70' lang='lat' dir='ltr'><strong>Epir.</strong></span> <span class='ocrx_word' id='word_1_230' title='bbox 467 3101 529 3163; x_wconf 80' lang='lat'><strong>1,2</strong></span> <span class='ocrx_word' id='word_1_231' title='bbox 553 3095 704 3162; x_wconf 89' lang='lat' dir='ltr'><strong>adoptione</strong></span> <span class='ocrx_word' id='word_1_232' title='bbox 726 3136 775 3147; x_wconf 87' lang='lat'><strong>...</strong></span> <span class='ocrx_word' id='word_1_233' title='bbox 797 3092 825 3147; x_wconf 91' lang='lat' dir='ltr'><strong>C.</strong></span> <span class='ocrx_word' id='word_1_234' title='bbox 846 3091 973 3146; x_wconf 87' lang='lat' dir='ltr'><strong>Caesaris</strong></span> <span class='ocrx_word' id='word_1_235' title='bbox 1000 3092 1114 3146; x_wconf 88' lang='lat' dir='ltr'><strong>maioris</strong></span> <span class='ocrx_word' id='word_1_236' title='bbox 1139 3092 1272 3146; x_wconf 89' lang='lat' dir='ltr'><strong>auunculi</strong></span> <span class='ocrx_word' id='word_1_237' title='bbox 1296 3093 1383 3146; x_wconf 83' lang='lat' dir='ltr'><strong>Gaius</strong></span> 
     </span>
     <span class='ocr_line' id='line_1_28' title="bbox 235 3172 1382 3242; baseline -0.005 -10"><span class='ocrx_word' id='word_1_238' title='bbox 235 3178 336 3232; x_wconf 90' lang='lat' dir='ltr'><strong>Caesar</strong></span> <span class='ocrx_word' id='word_1_239' title='bbox 350 3178 450 3241; x_wconf 89' lang='lat' dir='ltr'><strong>dictus,</strong></span> <span class='ocrx_word' id='word_1_240' title='bbox 467 3175 569 3229; x_wconf 92' lang='lat' dir='ltr'><strong>deinde</strong></span> <span class='ocrx_word' id='word_1_241' title='bbox 584 3174 618 3228; x_wconf 92' lang='lat' dir='ltr'><strong>ob</strong></span> <span class='ocrx_word' id='word_1_242' title='bbox 633 3173 782 3227; x_wconf 89' lang='lat' dir='ltr'><strong>uictoriam</strong></span> <span class='ocrx_word' id='word_1_243' title='bbox 796 3173 939 3242; x_wconf 87' lang='lat' dir='ltr'><strong>Augustus</strong></span> <span class='ocrx_word' id='word_1_244' title='bbox 955 3172 1168 3241; x_wconf 87' lang='lat' dir='ltr'><strong>cognominatus</strong></span> <span class='ocrx_word' id='word_1_245' title='bbox 1184 3175 1233 3226; x_wconf 90' lang='lat' dir='ltr'><strong>est.</strong></span> <span class='ocrx_word' id='word_1_246' title='bbox 1263 3173 1382 3242; x_wconf 78' lang='lat' dir='ltr'><strong>Eutrop.</strong></span> 
     </span>
     <span class='ocr_line' id='line_1_29' title="bbox 240 3252 1383 3321; baseline -0.004 -10"><span class='ocrx_word' id='word_1_247' title='bbox 240 3260 302 3312; x_wconf 86' lang='lat' dir='ltr'><strong>VII</strong></span> <span class='ocrx_word' id='word_1_248' title='bbox 316 3264 330 3310; x_wconf 89' lang='lat'><strong><em>1</em></strong></span> <span class='ocrx_word' id='word_1_249' title='bbox 352 3257 524 3310; x_wconf 87' lang='lat' dir='ltr'><strong>Octauianus</strong></span> <span class='ocrx_word' id='word_1_250' title='bbox 546 3297 595 3310; x_wconf 88' lang='lat'><strong>...</strong></span> <span class='ocrx_word' id='word_1_251' title='bbox 616 3254 742 3307; x_wconf 87' lang='lat' dir='ltr'><strong>Caesaris</strong></span> <span class='ocrx_word' id='word_1_252' title='bbox 766 3270 867 3321; x_wconf 85' lang='lat' dir='ltr'><strong>nepos,</strong></span> <span class='ocrx_word' id='word_1_253' title='bbox 892 3270 975 3321; x_wconf 91' lang='lat' dir='ltr'><strong>quem</strong></span> <span class='ocrx_word' id='word_1_254' title='bbox 994 3252 1043 3305; x_wconf 90' lang='lat' dir='ltr'><strong>ille</strong></span> <span class='ocrx_word' id='word_1_255' title='bbox 1062 3255 1232 3306; x_wconf 86' lang='lat' dir='ltr'><strong>testamento</strong></span> <span class='ocrx_word' id='word_1_256' title='bbox 1251 3253 1383 3308; x_wconf 90' lang='lat' dir='ltr'><strong>heredem</strong></span> 
     </span>
     <span class='ocr_line' id='line_1_30' title="bbox 234 3333 1384 3405; baseline -0.004 -14"><span class='ocrx_word' id='word_1_257' title='bbox 234 3338 386 3405; x_wconf 86' lang='lat' dir='ltr'><strong>reliquerat</strong></span> <span class='ocrx_word' id='word_1_258' title='bbox 415 3341 442 3390; x_wconf 87' lang='lat' dir='ltr'><strong>et</strong></span> <span class='ocrx_word' id='word_1_259' title='bbox 470 3352 571 3389; x_wconf 90' lang='lat' dir='ltr'><strong>nomen</strong></span> <span class='ocrx_word' id='word_1_260' title='bbox 600 3353 681 3386; x_wconf 89' lang='lat' dir='ltr'><strong>suum</strong></span> <span class='ocrx_word' id='word_1_261' title='bbox 709 3333 781 3387; x_wconf 85' lang='lat' dir='ltr'><strong>ferre</strong></span> <span class='ocrx_word' id='word_1_262' title='bbox 811 3333 932 3386; x_wconf 87' lang='lat' dir='ltr'><strong>iusserat</strong></span> <span class='ocrx_word' id='word_1_263' title='bbox 958 3335 1001 3401; x_wconf 83' lang='lat' dir='ltr'><strong>(cf.</strong></span> <span class='ocrx_word' id='word_1_264' title='bbox 1022 3334 1076 3386; x_wconf 79' lang='lat' dir='ltr'><strong>Iul.</strong></span> <span class='ocrx_word' id='word_1_265' title='bbox 1093 3337 1148 3400; x_wconf 82' lang='grc'>83).</span> <span class='ocrx_word' id='word_1_266' title='bbox 1190 3333 1237 3385; x_wconf 90' lang='lat' dir='ltr'><strong>hic</strong></span> <span class='ocrx_word' id='word_1_267' title='bbox 1266 3335 1308 3387; x_wconf 91' lang='lat' dir='ltr'><strong>est</strong></span> <span class='ocrx_word' id='word_1_268' title='bbox 1333 3334 1384 3401; x_wconf 90' lang='lat' dir='ltr'><strong>qui</strong></span> 
     </span>
     <span class='ocr_line' id='line_1_31' title="bbox 233 3412 1381 3487; baseline -0.003 -16"><span class='ocrx_word' id='word_1_269' title='bbox 233 3422 332 3487; x_wconf 88' lang='lat' dir='ltr'><strong>postea</strong></span> <span class='ocrx_word' id='word_1_270' title='bbox 352 3419 495 3485; x_wconf 85' lang='lat' dir='ltr'><strong>Augustus</strong></span> <span class='ocrx_word' id='word_1_271' title='bbox 511 3418 553 3468; x_wconf 85' lang='lat' dir='ltr'><strong>est</strong></span> <span class='ocrx_word' id='word_1_272' title='bbox 568 3415 659 3468; x_wconf 88' lang='lat' dir='ltr'><strong>dictus</strong></span> <span class='ocrx_word' id='word_1_273' title='bbox 675 3417 704 3467; x_wconf 92' lang='lat' dir='ltr'><strong>et</strong></span> <span class='ocrx_word' id='word_1_274' title='bbox 717 3430 809 3466; x_wconf 88' lang='lat' dir='ltr'><strong>rerum</strong></span> <span class='ocrx_word' id='word_1_275' title='bbox 824 3413 932 3481; x_wconf 87' lang='lat' dir='ltr'><strong>potitus</strong></span> <span class='ocrx_word' id='word_1_276' title='bbox 951 3413 996 3480; x_wconf 76' lang='lat' dir='ltr'><strong>(cf.</strong></span> <span class='ocrx_word' id='word_1_277' title='bbox 1015 3413 1089 3466; x_wconf 78' lang='lat' dir='ltr'><strong>Orco.</strong></span> <span class='ocrx_word' id='word_1_278' title='bbox 1103 3412 1147 3465; x_wconf 90' lang='lat' dir='ltr'><strong>VI</strong></span> <span class='ocrx_word' id='word_1_279' title='bbox 1157 3416 1247 3483; x_wconf 87' lang='grc'><em>18,1).</em></span> <span class='ocrx_word' id='word_1_280' title='bbox 1276 3414 1381 3468; x_wconf 76' lang='lat' dir='ltr'><strong>Aaron.</strong></span> 
     </span>
     <span class='ocr_line' id='line_1_32' title="bbox 233 3492 1382 3564; baseline -0.005 -11"><span class='ocrx_word' id='word_1_281' title='bbox 233 3503 324 3564; x_wconf 80' lang='lat'><em>262‚1</em></span> <span class='ocrx_word' id='word_1_282' title='bbox 341 3497 484 3563; x_wconf 80' lang='lat' dir='ltr'><strong>Octauius,</strong></span> <span class='ocrx_word' id='word_1_283' title='bbox 499 3496 574 3550; x_wconf 92' lang='lat' dir='ltr'><strong>idem</strong></span> <span class='ocrx_word' id='word_1_284' title='bbox 589 3495 691 3549; x_wconf 88' lang='lat' dir='ltr'><strong>Caesar</strong></span> <span class='ocrx_word' id='word_1_285' title='bbox 705 3495 733 3546; x_wconf 89' lang='lat' dir='ltr'><strong>et</strong></span> <span class='ocrx_word' id='word_1_286' title='bbox 747 3493 869 3561; x_wconf 86' lang='lat' dir='ltr'><strong>Augusti</strong></span> <span class='ocrx_word' id='word_1_287' title='bbox 884 3493 995 3545; x_wconf 90' lang='lat' dir='ltr'><strong>nomine</strong></span> <span class='ocrx_word' id='word_1_288' title='bbox 1011 3492 1139 3546; x_wconf 90' lang='lat' dir='ltr'><strong>nobilior.</strong></span> <span class='ocrx_word' id='word_1_289' title='bbox 1213 3498 1230 3544; x_wconf 81' lang='grc'>4</span> <span class='ocrx_word' id='word_1_290' title='bbox 1245 3493 1323 3560; x_wconf 72' lang='lat' dir='ltr'><strong>Epir.</strong></span> <span class='ocrx_word' id='word_1_291' title='bbox 1335 3499 1382 3558; x_wconf 86' lang='lat'><strong>1‚1</strong></span> 
     </span>
     <span class='ocr_line' id='line_1_33' title="bbox 236 3572 1382 3644; baseline -0.003 -14"><span class='ocrx_word' id='word_1_292' title='bbox 236 3577 281 3630; x_wconf 90' lang='lat' dir='ltr'><strong>uel</strong></span> <span class='ocrx_word' id='word_1_293' title='bbox 300 3577 432 3631; x_wconf 89' lang='lat' dir='ltr'><strong>sanctiori</strong></span> <span class='ocrx_word' id='word_1_294' title='bbox 446 3577 558 3629; x_wconf 87' lang='lat' dir='ltr'><strong>nomine</strong></span> <span class='ocrx_word' id='word_1_295' title='bbox 572 3576 700 3644; x_wconf 84' lang='lat' dir='ltr'><strong>Augusto</strong></span> <span class='ocrx_word' id='word_1_296' title='bbox 716 3572 867 3642; x_wconf 91' lang='lat' dir='ltr'><strong>appellato.</strong></span> <span class='ocrx_word' id='word_1_297' title='bbox 898 3573 969 3642; x_wconf 72' lang='lat' dir='ltr'><strong>Lyd.</strong></span> <span class='ocrx_word' id='word_1_298' title='bbox 986 3575 1018 3626; x_wconf 81' lang='lat' dir='ltr'><strong>de</strong></span> <span class='ocrx_word' id='word_1_299' title='bbox 1032 3589 1113 3626; x_wconf 82' lang='lat' dir='ltr'><strong>meas.</strong></span> <span class='ocrx_word' id='word_1_300' title='bbox 1124 3576 1149 3640; x_wconf 74' lang='lat'><strong>4,</strong></span> <span class='ocrx_word' id='word_1_301' title='bbox 1162 3576 1198 3626; x_wconf 84' lang='lat'><strong>72</strong></span> <span class='ocrx_word' id='word_1_302' title='bbox 1213 3575 1251 3641; x_wconf 87' lang='lat' dir='ltr'><strong>(p.</strong></span> <span class='ocrx_word' id='word_1_303' title='bbox 1262 3577 1314 3628; x_wconf 88' lang='lat'><strong>151</strong></span> <span class='ocrx_word' id='word_1_304' title='bbox 1329 3573 1382 3643; x_wconf 89' lang='lat' dir='ltr'><strong>W.)</strong></span> 
     </span>
     <span class='ocr_line' id='line_1_34' title="bbox 234 3650 1381 3726; baseline -0.003 -16"><span class='ocrx_word' id='word_1_305' title='bbox 234 3657 397 3726; x_wconf 77' lang='grc' dir='ltr'><strong><em>Αὔγουστον</em></strong></span> <span class='ocrx_word' id='word_1_306' title='bbox 417 3656 447 3711; x_wconf 78' lang='lat' dir='ltr'><strong>dl</strong></span> <span class='ocrx_word' id='word_1_307' title='bbox 468 3656 494 3711; x_wconf 84' lang='grc' dir='ltr'><strong>οἱ</strong></span> <span class='ocrx_word' id='word_1_308' title='bbox 506 3654 637 3724; x_wconf 86' lang='grc' dir='ltr'><strong><em>Ῥωμαῖοι</em></strong></span> <span class='ocrx_word' id='word_1_309' title='bbox 656 3653 728 3707; x_wconf 84' lang='grc' dir='ltr'><strong><em>κατὰ</em></strong></span> <span class='ocrx_word' id='word_1_310' title='bbox 746 3653 797 3721; x_wconf 82' lang='grc' dir='ltr'><strong>τὴν</strong></span> <span class='ocrx_word' id='word_1_311' title='bbox 817 3652 937 3720; x_wconf 78' lang='grc' dir='ltr'><strong><em>πάτριον</em></strong></span> <span class='ocrx_word' id='word_1_312' title='bbox 957 3650 1095 3722; x_wconf 85' lang='grc' dir='ltr'><strong><em>σημασίαν</em></strong></span> <span class='ocrx_word' id='word_1_313' title='bbox 1116 3655 1231 3706; x_wconf 76' lang='grc' dir='ltr'><strong><em>καλοῦσι</em></strong></span> <span class='ocrx_word' id='word_1_314' title='bbox 1249 3653 1298 3707; x_wconf 81' lang='grc' dir='ltr'><strong>τὸν</strong></span> <span class='ocrx_word' id='word_1_315' title='bbox 1317 3652 1381 3706; x_wconf 83' lang='grc' dir='ltr'><strong><em>κατ’</em></strong></span> 
     </span>
     <span class='ocr_line' id='line_1_35' title="bbox 235 3730 1383 3805; baseline -0.003 -14"><span class='ocrx_word' id='word_1_316' title='bbox 235 3737 338 3791; x_wconf 85' lang='grc' dir='ltr'><strong><em>οἰωνὸν</em></strong></span> <span class='ocrx_word' id='word_1_317' title='bbox 357 3737 404 3790; x_wconf 80' lang='grc' dir='ltr'><strong>καὶ</strong></span> <span class='ocrx_word' id='word_1_318' title='bbox 423 3741 500 3791; x_wconf 82' lang='grc' dir='ltr'><strong><em>θεῶν</em></strong></span> <span class='ocrx_word' id='word_1_319' title='bbox 524 3732 680 3805; x_wconf 84' lang='grc' dir='ltr'><strong><em>μαρτυρίαν</em></strong></span> <span class='ocrx_word' id='word_1_320' title='bbox 704 3731 900 3802; x_wconf 77' lang='grc' dir='ltr'><strong><em>προαγόμενον</em></strong></span> <span class='ocrx_word' id='word_1_321' title='bbox 925 3733 964 3794; x_wconf 83' lang='grc' dir='ltr'><strong>εἰς</strong></span> <span class='ocrx_word' id='word_1_322' title='bbox 984 3730 1134 3804; x_wconf 79' lang='grc' dir='ltr'><strong><em>βασιλείαν.</em></strong></span> <span class='ocrx_word' id='word_1_323' title='bbox 1172 3735 1206 3799; x_wconf 74' lang='lat' dir='ltr'><strong>cs.</strong></span> <span class='ocrx_word' id='word_1_324' title='bbox 1227 3733 1294 3788; x_wconf 80' lang='lat' dir='ltr'><strong>Isid.</strong></span> <span class='ocrx_word' id='word_1_325' title='bbox 1314 3734 1383 3804; x_wconf 66' lang='lat' dir='ltr'><strong>orig.</strong></span> 
     </span>
     <span class='ocr_line' id='line_1_36' title="bbox 235 3818 377 3882; baseline 0.007 -13"><span class='ocrx_word' id='word_1_326' title='bbox 235 3818 283 3869; x_wconf 82' lang='grc' dir='ltr'><strong>ΙΧ</strong></span> <span class='ocrx_word' id='word_1_327' title='bbox 301 3821 325 3882; x_wconf 80' lang='lat' dir='ltr'><strong>e,</strong></span> <span class='ocrx_word' id='word_1_328' title='bbox 342 3822 377 3870; x_wconf 82' lang='lat' dir='ltr'><strong>rc</strong></span> 
     </span>
    </p>
   </div>
   <div class='ocr_carea' id='block_1_6' title="bbox 234 3997 1384 4550">
    <p class='ocr_par' dir='ltr' id='par_1_6' title="bbox 234 3997 1384 4550">
     <span class='ocr_line' id='line_1_37' title="bbox 307 3997 1384 4072; baseline -0.002 -16"><span class='ocrx_word' id='word_1_329' title='bbox 307 4009 320 4056; x_wconf 87' lang='lat'>1</span> <span class='ocrx_word' id='word_1_330' title='bbox 342 4002 394 4056; x_wconf 86' lang='lat' dir='ltr'><strong>Gai</strong></span> <span class='ocrx_word' id='word_1_331' title='bbox 409 4005 457 4056; x_wconf 85' lang='lat' dir='ltr'><strong>del.</strong></span> <span class='ocrx_word' id='word_1_332' title='bbox 472 4004 587 4058; x_wconf 81' lang='lat' dir='ltr'><strong>Casaab.</strong></span> <span class='ocrx_word' id='word_1_333' title='bbox 661 4001 787 4055; x_wconf 87' lang='lat' dir='ltr'><strong>Caesaris</strong></span> <span class='ocrx_word' id='word_1_334' title='bbox 799 4001 942 4072; x_wconf 74' lang='lat' dir='ltr'><strong>(nomen)</strong></span> <span class='ocrx_word' id='word_1_335' title='bbox 954 4001 1070 4068; x_wconf 71' lang='lat' dir='ltr'><strong>Bentley</strong></span> <span class='ocrx_word' id='word_1_336' title='bbox 1142 4005 1159 4052; x_wconf 81' lang='lat'>4</span> <span class='ocrx_word' id='word_1_337' title='bbox 1177 3997 1384 4067; x_wconf 80' lang='lat' dir='ltr'><strong>praeualuisset</strong></span> 
     </span>
     <span class='ocr_line' id='line_1_38' title="bbox 235 4078 1382 4152; baseline -0.005 -14"><span class='ocrx_word' id='word_1_338' title='bbox 235 4084 356 4152; x_wconf 52' lang='lat' dir='ltr'><strong>Lusa,</strong></span> <span class='ocrx_word' id='word_1_339' title='bbox 375 4083 472 4136; x_wconf 87' lang='lat' dir='ltr'><strong>-luisse</strong></span> <span class='ocrx_word' id='word_1_340' title='bbox 491 4085 538 4137; x_wconf 87' lang='lat' dir='ltr'><strong>rel.</strong></span> <span class='ocrx_word' id='word_1_341' title='bbox 554 4090 579 4136; x_wconf 83' lang='lat' dir='ltr'><strong>et</strong></span> <span class='ocrx_word' id='word_1_342' title='bbox 593 4081 632 4136; x_wconf 81' lang='lat' dir='ltr'><strong>P&#39;</strong></span> <span class='ocrx_word' id='word_1_343' title='bbox 705 4083 851 4134; x_wconf 78' lang='lat' dir='ltr'><strong>btantum</strong></span> <span class='ocrx_word' id='word_1_344' title='bbox 870 4098 885 4138; x_wconf 90' lang='grc' dir='ltr'>ς</span> <span class='ocrx_word' id='word_1_345' title='bbox 905 4081 1071 4148; x_wconf 64' lang='lat' dir='ltr'><strong>(Erasmus,</strong></span> <span class='ocrx_word' id='word_1_346' title='bbox 1090 4084 1125 4133; x_wconf 77' lang='lat' dir='ltr'><strong>eu</strong></span> <span class='ocrx_word' id='word_1_347' title='bbox 1143 4078 1215 4148; x_wconf 75' lang='lat' dir='ltr'><strong>MQ,</strong></span> <span class='ocrx_word' id='word_1_348' title='bbox 1235 4083 1269 4132; x_wconf 76' lang='lat' dir='ltr'><strong>cir</strong></span> <span class='ocrx_word' id='word_1_349' title='bbox 1290 4079 1382 4149; x_wconf 76' lang='lat' dir='ltr'><em>GHR,</em></span> 
     </span>
     <span class='ocr_line' id='line_1_39' title="bbox 235 4157 1383 4229; baseline -0.006 -12"><span class='ocrx_word' id='word_1_350' title='bbox 235 4171 282 4217; x_wconf 83' lang='lat' dir='ltr'><strong>eni</strong></span> <span class='ocrx_word' id='word_1_351' title='bbox 298 4165 328 4229; x_wconf 88' lang='lat' dir='ltr'><strong>V,</strong></span> <span class='ocrx_word' id='word_1_352' title='bbox 348 4166 441 4216; x_wconf 91' lang='lat' dir='ltr'><strong>autem</strong></span> <span class='ocrx_word' id='word_1_353' title='bbox 461 4168 499 4228; x_wconf 87' lang='lat' dir='ltr'><strong>X,</strong></span> <span class='ocrx_word' id='word_1_354' title='bbox 518 4161 608 4215; x_wconf 89' lang='lat' dir='ltr'><strong>solum</strong></span> <span class='ocrx_word' id='word_1_355' title='bbox 628 4179 640 4215; x_wconf 87' lang='lat' dir='ltr'><strong>e</strong></span> <span class='ocrx_word' id='word_1_356' title='bbox 659 4163 715 4215; x_wconf 84' lang='lat' dir='ltr'><strong>cod.</strong></span> <span class='ocrx_word' id='word_1_357' title='bbox 734 4162 826 4216; x_wconf 79' lang='lat' dir='ltr'><strong>Caico.</strong></span> <span class='ocrx_word' id='word_1_358' title='bbox 846 4162 970 4227; x_wconf 76' lang='lat' dir='ltr'><strong>affertur,</strong></span> <span class='ocrx_word' id='word_1_359' title='bbox 989 4162 1072 4213; x_wconf 73' lang='lat' dir='ltr'><strong>orat</strong></span> <span class='ocrx_word' id='word_1_360' title='bbox 1145 4164 1161 4210; x_wconf 89' lang='grc'>6</span> <span class='ocrx_word' id='word_1_361' title='bbox 1181 4160 1257 4226; x_wconf 90' lang='lat' dir='ltr'><strong>quod</strong></span> <span class='ocrx_word' id='word_1_362' title='bbox 1274 4157 1383 4212; x_wconf 91' lang='lat' dir='ltr'><strong>loca-</strong></span> 
     </span>
     <span class='ocr_line' id='line_1_40' title="bbox 235 4240 1382 4312; baseline -0.002 -16"><span class='ocrx_word' id='word_1_363' title='bbox 235 4243 324 4296; x_wconf 86' lang='lat' dir='ltr'><strong>Roma</strong></span> <span class='ocrx_word' id='word_1_364' title='bbox 343 4246 386 4295; x_wconf 80' lang='lat' dir='ltr'><strong>est</strong></span> <span class='ocrx_word' id='word_1_365' title='bbox 404 4245 454 4296; x_wconf 84' lang='lat' dir='ltr'><strong>del.</strong></span> <span class='ocrx_word' id='word_1_366' title='bbox 476 4242 870 4312; x_wconf 69' lang='lat' dir='ltr'><strong>ucraaeqieter(0ad.,1rota)</strong></span> <span class='ocrx_word' id='word_1_367' title='bbox 953 4245 966 4292; x_wconf 84' lang='grc'><strong>7</strong></span> <span class='ocrx_word' id='word_1_368' title='bbox 988 4240 1023 4292; x_wconf 87' lang='lat' dir='ltr'><strong>ab</strong></span> <span class='ocrx_word' id='word_1_369' title='bbox 1048 4240 1308 4308; x_wconf 84' lang='lat' dir='ltr'><strong>auctu—gustuue</strong></span> <span class='ocrx_word' id='word_1_370' title='bbox 1331 4240 1382 4294; x_wconf 83' lang='lat' dir='ltr'><strong>dcl.</strong></span> 
     </span>
     <span class='ocr_line' id='line_1_41' title="bbox 237 4318 1382 4391; baseline -0.003 -14"><span class='ocrx_word' id='word_1_371' title='bbox 237 4324 354 4390; x_wconf 80' lang='lat' dir='ltr'><strong>Gujetua</strong></span> <span class='ocrx_word' id='word_1_372' title='bbox 413 4322 562 4391; x_wconf 73' lang='lat' dir='ltr'><strong>actuQRs</strong></span> <span class='ocrx_word' id='word_1_373' title='bbox 627 4321 820 4390; x_wconf 83' lang='lat' dir='ltr'><strong>9augirioM</strong></span> <span class='ocrx_word' id='word_1_374' title='bbox 876 4319 984 4372; x_wconf 87' lang='lat' dir='ltr'><strong>incluta</strong></span> <span class='ocrx_word' id='word_1_375' title='bbox 1000 4318 1146 4388; x_wconf 89' lang='lat' dir='ltr'><strong>V(induta</strong></span> <span class='ocrx_word' id='word_1_376' title='bbox 1161 4320 1196 4386; x_wconf 80' lang='grc' dir='ltr'><strong>δ),</strong></span> <span class='ocrx_word' id='word_1_377' title='bbox 1215 4318 1323 4387; x_wconf 80' lang='lat' dir='ltr'><strong>inclyta</strong></span> <span class='ocrx_word' id='word_1_378' title='bbox 1338 4321 1382 4387; x_wconf 82' lang='lat' dir='ltr'><strong>M,</strong></span> 
     </span>
     <span class='ocr_line' id='line_1_42' title="bbox 234 4399 1382 4471; baseline -0.002 -15"><span class='ocrx_word' id='word_1_379' title='bbox 234 4404 333 4457; x_wconf 88' lang='lat' dir='ltr'><strong>inclita</strong></span> <span class='ocrx_word' id='word_1_380' title='bbox 352 4402 423 4468; x_wconf 84' lang='lat' dir='ltr'><strong>(ind-</strong></span> <span class='ocrx_word' id='word_1_381' title='bbox 446 4403 478 4471; x_wconf 76' lang='lat' dir='ltr'><strong>Q)</strong></span> <span class='ocrx_word' id='word_1_382' title='bbox 497 4404 543 4456; x_wconf 82' lang='lat' dir='ltr'><strong>ret.</strong></span> <span class='ocrx_word' id='word_1_383' title='bbox 625 4406 657 4452; x_wconf 92' lang='lat'><strong>10</strong></span> <span class='ocrx_word' id='word_1_384' title='bbox 678 4400 825 4453; x_wconf 88' lang='lat' dir='ltr'><strong>duodecim</strong></span> <span class='ocrx_word' id='word_1_385' title='bbox 845 4401 906 4466; x_wconf 81' lang='lat' dir='ltr'><strong>M1,</strong></span> <span class='ocrx_word' id='word_1_386' title='bbox 925 4399 1065 4452; x_wconf 89' lang='lat' dir='ltr'><strong>decimum</strong></span> <span class='ocrx_word' id='word_1_387' title='bbox 1081 4399 1206 4452; x_wconf 76' lang='lat' dir='ltr'><strong>Valesius</strong></span> <span class='ocrx_word' id='word_1_388' title='bbox 1224 4401 1268 4466; x_wconf 78' lang='lat' dir='ltr'><strong>(cf.</strong></span> <span class='ocrx_word' id='word_1_389' title='bbox 1287 4399 1382 4468; x_wconf 74' lang='lat' dir='ltr'><strong>Quint.</strong></span> 
     </span>
     <span class='ocr_line' id='line_1_43' title="bbox 235 4479 1132 4550; baseline -0.007 -12"><span class='ocrx_word' id='word_1_390' title='bbox 235 4484 460 4550; x_wconf 81' lang='lat' dir='ltr'><strong>r&#39;ust.X116‚1)</strong></span> <span class='ocrx_word' id='word_1_391' title='bbox 534 4487 567 4534; x_wconf 81' lang='grc'><em>13</em></span> <span class='ocrx_word' id='word_1_392' title='bbox 587 4497 684 4549; x_wconf 83' lang='lat' dir='ltr'><strong>expers</strong></span> <span class='ocrx_word' id='word_1_393' title='bbox 704 4481 801 4534; x_wconf 85' lang='lat' dir='ltr'><strong>om.G</strong></span> <span class='ocrx_word' id='word_1_394' title='bbox 875 4487 907 4534; x_wconf 76' lang='lat'><strong>15</strong></span> <span class='ocrx_word' id='word_1_395' title='bbox 926 4480 974 4532; x_wconf 90' lang='lat' dir='ltr'><strong>uix</strong></span> <span class='ocrx_word' id='word_1_396' title='bbox 992 4483 1053 4544; x_wconf 87' lang='lat' dir='ltr'><strong>tum</strong></span> <span class='ocrx_word' id='word_1_397' title='bbox 1071 4479 1132 4532; x_wconf 85' lang='lat' dir='ltr'><strong>HR</strong></span> 
     </span>
    </p>
   </div>
   <div class='ocr_carea' id='block_1_7' title="bbox 0 0 1576 5112">
    <p class='ocr_par' dir='ltr' id='par_1_7' title="bbox 0 0 1576 5112">
     <span class='ocr_line' id='line_1_44' title="bbox 0 0 1576 5112; baseline 0 0"><span class='ocrx_word' id='word_1_398' title='bbox 0 0 1576 5112; x_wconf 95' lang='lat' dir='ltr'><strong> </strong></span> 
     </span>
    </p>
   </div>
  </div>
 </body>
</html>
