3098 5110
489 346 598 402 DIVVS
616 347 735 402 IVLIVS
756 359 822 409 [em.
838 360 926 410 so-sa]
1241 350 1280 412 ll

223 509 340 575 Socero
373 509 473 597 igitur
504 531 686 597 generoque
721 510 972 596 suffragantibus
1008 533 1048 575 ex
1085 513 1173 576 omni
1209 511 1336 596 pro-‘2⁶2

130 616 309 682 uincierum
330 618 424 701 copia
443 615 562 682 Gallias
581 617 786 701 potissimum
807 617 914 703 elegit,
937 617 1047 683 †cuius
1066 618 1282 682 emolumento

131 728 163 787 et
196 724 417 808 oportunitate
447 725 562 788 idonea
594 725 636 789 sit
670 724 802 789 materia
834 725 1083 808 triumphorum.
1133 729 1165 788 et
1188 725 1281 790 initio

132 830 263 913 quidem
288 828 426 894 Gallium
450 829 646 916 Cisalpinam
670 830 802 914 illyrico
828 830 952 896 adiecto
980 833 1051 917 lege
1075 830 1207 895 Vatinia
1234 853 1282 896 ac-

104 937 231 1021 scepit3
263 958 340 1000 mox
366 959 425 1021 per
452 943 598 1002 senatum
626 937 794 1003 Comatam
823 959 964 1022 quoque,
996 938 1109 1002 ueritis
1136 938 1282 1022 patribus

130 1065 185 1124 ne,
217 1043 246 1106 si
276 1044 337 1126 ipsi
367 1049 551 1130 negassent,
581 1046 722 1129 populus
753 1048 785 1110 et
814 1046 898 1109 hanc
926 1045 1022 1108 daret.
1069 1067 1133 1129 quo
1164 1043 1317 1130 gaudior

129 1150 235 1213 elatus
260 1171 324 1214 non
347 1149 553 1233 temperauit,
577 1151 656 1234 quin
679 1172 799 1235 paucos
823 1155 898 1235 post
921 1151 988 1214 dies
1011 1151 1171 1234 frequenti
1195 1152 1284 1216 curia

14 1251 17 1258 ’
131 1259 280 1340 iactaret,
312 1257 425 1321 inuitis
455 1261 488 1321 et
518 1257 721 1342 gementibus
753 1257 930 1322 aduersaris
960 1256 1111 1342 adeptum
1140 1279 1174 1322 se
1202 1279 1282 1341 quae

131 1363 350 1446 concupisset,
377 1363 511 1448 proinde
539 1386 578 1427 ex
607 1385 644 1428 eo
672 1363 901 1428 insultaturum
936 1365 1079 1429 omnium
1107 1364 1283 1449 capitibus;

92 1493 117 1532 10
131 1492 167 1534 ao
195 1475 334 1554 negante
367 1469 505 1553 quodam
539 1493 596 1554 per
626 1471 853 1534 contumeliam
886 1472 980 1536 fecile
1007 1471 1070 1536 hoe
1101 1472 1161 1536 ulli
1192 1472 1282 1536 femi-

130 1599 191 1642 nae
223 1577 306 1660 fore,
343 1577 545 1661 responderit
577 1577 670 1662 quasi
706 1577 876 1642 adludens:
913 1579 951 1641 in
984 1576 1096 1642 Suria
1132 1600 1283 1663 quoque

130 1706 313 1770 regnasse
338 1683 573 1748 Sameramin
594 1707 843 1770 magnamque
867 1683 981 1749 Asiae
1004 1689 1150 1768 partem
1174 1684 1282 1750 Ama-

23 1861 24 1866 ,
131 1813 246 1856 zonas
270 1791 442 1855 tenuisse
466 1791 663 1874 quondam.

222 1897 365 1962 Functus
385 1899 554 1962 consulatu
574 1896 654 1962 Gaio
674 1897 827 1964 Memmio
846 1897 1009 1982 Lucioque
1028 1898 1173 1963 Domitio
1192 1896 1335 1983 prae-23

96 2005 259 2069 uteribus
298 2004 336 2068 de
373 2004 548 2088 superioris
585 2003 660 2068 anni
698 2003 778 2069 actis
815 2004 1027 2069 referentibus
1065 2005 1283 2090 cognitionem

133 2113 259 2176 senatui
292 2110 420 2194 detulit,
457 2132 516 2176 nec
550 2110 607 2176 illo
644 2111 838 2193 suscipiente
874 2111 1046 2194 triduoque
1081 2133 1140 2195 per
1170 2112 1283 2175 inritas

133 2218 357 2284 altercationes
377 2217 548 2301 absumpto
568 2218 601 2282 in
619 2217 821 2301 prouinciam
841 2219 920 2281 abiit
957 2222 989 2282 et
1008 2218 1118 2282 statim
1134 2223 1284 2302 quaestor

133 2326 201 2388 eius
231 2324 265 2388 in
293 2323 525 2408 praeiudicium
554 2323 680 2406 aliquot
708 2323 897 2388 criminibus
927 2329 1074 2410 arreptus
1102 2329 1159 2390 est.
1207 2348 1284 2390 mox

133 2437 167 2516 et,
188 2432 258 2516 ipse
279 2453 305 2493 -a
327 2431 428 2494 Lucio
453 2429 597 2494 Antistio
626 2435 665 2494 tr.
688 2431 731 2515 pl.
757 2433 939 2514 postulatus
968 2432 1130 2516 appellato
1155 2433 1283 2498 demum

96 2556 120 2595 20
133 2537 272 2622 collegio
305 2538 461 2621 optinuit,
494 2559 567 2601 cum
600 2538 646 2601 rei
679 2538 826 2622 publicae
845 2538 954 2606 '.cause
984 2540 1109 2604 obesset
1137 2559 1211 2602 reus
1243 2560 1283 2602 ne

134 2646 235 2708 fieret.
281 2644 322 2707 ad
350 2643 552 2708 securitatem
581 2665 657 2728 ergo
690 2643 810 2728 posteri
839 2645 994 2729 temporis
1022 2645 1056 2708 iu
1084 2667 1201 2731 magno
1229 2660 1318 2710 nee

135 2751 225 2834 gotio
249 2750 364 2815 habuit
388 2750 531 2834 obligare
554 2772 680 2834 semper
704 2772 826 2814 annuos
851 2752 1058 2837 magistratus
1082 2756 1114 2815 et
1133 2773 1149 2815 e
1168 2753 1284 2835 petito-

134 2858 225 2922 ribus
257 2877 324 2921 non
360 2856 440 2920 alios
475 2857 627 2920 adiuuare
661 2861 716 2921 aut
748 2857 788 2920 ad
819 2858 974 2922 honorem
1007 2859 1076 2943 peti
1107 2861 1283 2943 peruenire,

135 2959 231 3047 quain
266 2965 321 3047 qui
351 2963 414 3027 sibi
448 2963 642 3046 recepissent
675 2968 935 3049 propugnaturos
969 2966 1144 3030 absentiam
1180 2987 1283 3050 snam3

206 3162 223 3208 4
243 3157 277 3222 ef.
292 3157 410 3225 Eutrop.
428 3157 471 3210 VI
482 3160 555 3222 17,1
575 3157 688 3210 decreta
708 3121 751 3210 est
770 3157 796 3210 ei
811 3156 904 3212 Gallia
919 3160 947 3211 et
960 3157 1104 3226 Illyricum
1119 3176 1182 3212 cum
1195 3159 1283 3228 legio-

134 3237 218 3291 nibus
238 3237 398 3307 deeem‚(es.
415 3238 616 3305 p.15,278q.).
649 3237 722 3291 Oros.
740 3238 782 3290 VI
795 3242 850 3304 7,1

206 3431 222 3477 2
248 3423 370 3478 Galliam
389 3425 506 3492 Bentley
579 3423 669 3494 euius]
689 3440 762 3491 quae
781 3426 809 3477 et
828 3425 957 3495 Bentley,
976 3442 1049 3492 quae
1068 3426 1123 3480 sibi
1142 3427 1284 3496 Kieseliup

135 3506 211 3574 epod
227 3505 302 3558 Bebr
315 3505 368 3558 obs.
384 3505 415 3556 iu
431 3505 505 3559 Ocea.
520 3505 577 3556 ΙΙΙ
588 3521 617 3571 p.
633 3507 650 3556 3
665 3504 707 3572 (de
722 3505 788 3558 aliie
800 3507 963 3560 coniecturis
980 3525 1007 3560 c.
1022 3507 1060 3560 od
1075 3509 1091 3561 l.
1103 3508 1130 3574 3)
1203 3512 1218 3558 3
1234 3507 1283 3576 it]

135 3586 166 3638 fit
180 3583 291 3642 LPOT
301 3587 367 3652 (nou
381 3583 421 3654 S),
440 3583 494 3638 sibi
509 3586 583 3637 esset
596 3585 640 3637 uel
653 3583 733 3637 fieret
747 3585 875 3640 B.-Crcs.
949 3592 1033 3640 totum
1048 3587 1134 3640 locam
1149 3586 1238 3654 (cuius
1248 3617 1283 3626 -

135 3665 266 3733 motoria)
289 3667 367 3720 uarie
390 3670 603 3732 resipiscerent:
628 3664 707 3718 cuius
733 3664 922 3719 emolumenta
943 3669 972 3719 et
995 3666 1199 3734 oportunitates
1223 3667 1282 3719 ido-

136 3761 188 3798 nea
208 3744 266 3799 sint
282 3744 401 3798 materia
426 3745 552 3809 Coeant,
569 3746 637 3797 tnnc
661 3747 689 3797 et
712 3745 899 3798 emolumento
919 3749 947 3799 et
965 3763 989 3800 o.
1014 3745 1130 3800 idoneas
1148 3746 1284 3800 materiae

135 3826 159 3878 I.
170 3825 206 3878 F.
220 3825 347 3891 Gronov,
370 3824 461 3878 cuiuis
484 3824 672 3879 emolumento
691 3827 720 3877 ct
739 3841 762 3878 o.
782 3826 898 3880 idoneas
916 3829 946 3880 et
964 3826 1029 3894 (sibi
1044 3843 1097 3894 pro
1112 3829 1141 3880 et
1156 3828 1284 3897 Madcip)

135 3904 255 3958 materia
274 3906 298 3957 I.
307 3905 425 3959 Gronov.
447 3906 599 3975 (Madcep),
618 3905 718 3973 quouis
738 3905 927 3959 emolumento
947 3909 975 3959 et
998 3923 1022 3960 o.
1042 3907 1158 3961 idoneas
1182 3907 1285 3961 sibiet

135 3985 284 4039 materiam
302 3985 404 4051 Petale,
424 3985 505 4038 aliter
523 3986 576 4038 clii
652 3991 668 4036 4
687 3985 824 4038 uaticinia
842 3986 977 4052 L¹POS,
999 3987 1157 4040 uaticinad
1177 3987 1204 4055 (i.
1220 4005 1283 4056 pro-

136 4063 245 4132 phetali
264 4063 407 4133 proprium
421 4064 493 4133 legis
513 4065 588 4133 apud
606 4081 736 4118 romanos
755 4083 789 4120 ss.
801 4067 838 4118 M
840 4066 858 4132 ²,
876 4083 976 4120 rasura
995 4084 1081 4135 supra
1100 4068 1229 4139 catinia),
1248 4069 1282 4134 es.

135 4150 268 4212 p.15,10
344 4150 360 4197 8
379 4144 563 4198 frementibus
582 4145 760 4200 Halieuma
838 4152 868 4199 11
888 4145 1035 4214 respondit
1059 4169 1074 4214 ρ
1098 4149 1201 4216 aliique
1219 4166 1283 4216 rec,

137 4225 317 4294 responderet
332 4239 348 4282 ς
363 4226 463 4293 (Τονν.)
537 4225 613 4293 syrio
628 4224 765 4291 M2602,
785 4225 853 4280 siria
871 4226 951 4292 ΡΤ,
970 4228 1079 4295 assyria
1096 4232 1120 4281 Τ
1192 4235 1224 4281 12
1239 4246 1284 4283 sa-

138 4303 273 4358 meramin
293 4306 330 4359 M
336 4305 353 4371 ¹,
382 4305 543 4358 semiramin
565 4306 603 4359 M
608 4305 626 4370 ²,
659 4304 831 4358 semiramim
851 4308 908 4373 Vri,
937 4306 1108 4360 semiramim
1137 4310 1191 4378 (ael
1218 4326 1283 4376 -em‚

138 4387 194 4453 -en)
212 4385 260 4439 rel.
333 4391 365 4438 21
390 4385 504 4454 negotio
529 4387 578 4440 del.
601 4386 717 4452 chetcs
790 4392 824 4438 24
842 4385 1017 4455 pepigissent
1031 4392 1060 4440 X
1075 4390 1162 4458 (ploce.
1183 4388 1200 4442 i.
1220 4407 1284 4457 pro-

114 4510 125 4530 „
139 4465 279 4520 misissent
302 4466 389 4520 adeor.
411 4468 448 4520 M
449 4463 467 4532 ²,
486 4467 550 4519 inde
568 4465 762 4534 promisissent
779 4466 827 4518 uel
845 4468 1017 4535 recepissent
1036 4473 1062 4533 d)
