<?xml version="1.0" encoding="UTF-8"?>
<!DOCTYPE html PUBLIC "-//W3C//DTD XHTML 1.0 Transitional//EN"
    "http://www.w3.org/TR/xhtml1/DTD/xhtml1-transitional.dtd">
<html xmlns="http://www.w3.org/1999/xhtml" xml:lang="en" lang="en">
 <head>
  <title>
</title>
<meta http-equiv="Content-Type" content="text/html;charset=utf-8" />
  <meta name='ocr-system' content='tesseract 3.04.00' />
  <meta name='ocr-capabilities' content='ocr_page ocr_carea ocr_par ocr_line ocrx_word'/>
</head>
<body>
  <div class='ocr_page' id='page_1' title='image "./csuetoniitranqu01suetgoog_0218.png"; bbox 0 0 3166 5106; ppageno 0'>
   <div class='ocr_carea' id='block_1_1' title="bbox 288 391 1080 458">
    <p class='ocr_par' dir='ltr' id='par_1_1' title="bbox 288 391 1080 458">
     <span class='ocr_line' id='line_1_1' title="bbox 288 391 1080 458; baseline -0.013 -2"><span class='ocrx_word' id='word_1_1' title='bbox 288 391 351 457; x_wconf 83' lang='grc'><strong>148</strong></span> <span class='ocrx_word' id='word_1_2' title='bbox 635 392 663 447; x_wconf 81' lang='lat' dir='ltr'><strong>C.</strong></span> <span class='ocrx_word' id='word_1_3' title='bbox 684 393 840 448; x_wconf 82' lang='lat' dir='ltr'>SVETONI</span> <span class='ocrx_word' id='word_1_4' title='bbox 859 393 1080 458; x_wconf 79' lang='lat' dir='ltr'><strong>TaANvanr</strong></span> 
     </span>
    </p>
   </div>
   <div class='ocr_carea' id='block_1_2' title="bbox 231 556 1480 2564">
    <p class='ocr_par' dir='ltr' id='par_1_2' title="bbox 231 556 1480 2564">
     <span class='ocr_line' id='line_1_2' title="bbox 285 556 1432 643; baseline 0.002 -23"><span class='ocrx_word' id='word_1_5' title='bbox 285 556 448 640; x_wconf 86' lang='lat' dir='ltr'><strong>praeclara</strong></span> <span class='ocrx_word' id='word_1_6' title='bbox 471 556 556 621; x_wconf 86' lang='lat' dir='ltr'><strong>facta</strong></span> <span class='ocrx_word' id='word_1_7' title='bbox 575 558 642 622; x_wconf 90' lang='lat' dir='ltr'><strong>eius</strong></span> <span class='ocrx_word' id='word_1_8' title='bbox 660 579 720 642; x_wconf 92' lang='lat' dir='ltr'><strong>pro</strong></span> <span class='ocrx_word' id='word_1_9' title='bbox 740 557 946 641; x_wconf 85' lang='lat' dir='ltr'><strong>superuacuis</strong></span> <span class='ocrx_word' id='word_1_10' title='bbox 970 558 1103 622; x_wconf 89' lang='lat' dir='ltr'><strong>eleuarit</strong></span> <span class='ocrx_word' id='word_1_11' title='bbox 1128 561 1160 621; x_wconf 92' lang='lat' dir='ltr'><strong>et</strong></span> <span class='ocrx_word' id='word_1_12' title='bbox 1183 556 1432 643; x_wconf 85' lang='lat' dir='ltr'><strong>gloriosissimas</strong></span> 
     </span>
     <span class='ocr_line' id='line_1_3' title="bbox 285 661 1434 747; baseline 0.002 -22"><span class='ocrx_word' id='word_1_13' title='bbox 285 663 438 727; x_wconf 92' lang='lat' dir='ltr'><strong>uictorias</strong></span> <span class='ocrx_word' id='word_1_14' title='bbox 463 683 521 727; x_wconf 89' lang='lat' dir='ltr'><strong>ceu</strong></span> <span class='ocrx_word' id='word_1_15' title='bbox 544 663 713 728; x_wconf 90' lang='lat' dir='ltr'><strong>damnosas</strong></span> <span class='ocrx_word' id='word_1_16' title='bbox 738 665 837 747; x_wconf 89' lang='lat' dir='ltr'><strong>reip.</strong></span> <span class='ocrx_word' id='word_1_17' title='bbox 861 665 1045 747; x_wconf 78' lang='lat' dir='ltr'>increparet.</span> <span class='ocrx_word' id='word_1_18' title='bbox 1089 663 1175 747; x_wconf 93' lang='lat' dir='ltr'><strong>quod</strong></span> <span class='ocrx_word' id='word_1_19' title='bbox 1198 684 1276 728; x_wconf 93' lang='lat' dir='ltr'><strong>uero</strong></span> <span class='ocrx_word' id='word_1_20' title='bbox 1295 661 1434 728; x_wconf 83' lang='lat' dir='ltr'><strong>Alexan-</strong></span> 
     </span>
     <span class='ocr_line' id='line_1_4' title="bbox 285 769 1434 854; baseline 0.002 -22"><span class='ocrx_word' id='word_1_21' title='bbox 285 769 391 834; x_wconf 80' lang='lat' dir='ltr'><strong>dream</strong></span> <span class='ocrx_word' id='word_1_22' title='bbox 416 775 549 854; x_wconf 88' lang='lat' dir='ltr'><strong>propter</strong></span> <span class='ocrx_word' id='word_1_23' title='bbox 571 771 760 835; x_wconf 80' lang='lat' dir='ltr'><strong>immensam</strong></span> <span class='ocrx_word' id='word_1_24' title='bbox 784 774 816 834; x_wconf 90' lang='lat' dir='ltr'><strong>et</strong></span> <span class='ocrx_word' id='word_1_25' title='bbox 838 769 1039 854; x_wconf 75' lang='lat' dir='ltr'><strong>repentinam</strong></span> <span class='ocrx_word' id='word_1_26' title='bbox 1061 771 1180 834; x_wconf 87' lang='lat' dir='ltr'><strong>famem</strong></span> <span class='ocrx_word' id='word_1_27' title='bbox 1197 770 1379 835; x_wconf 91' lang='lat' dir='ltr'><strong>inconsulto</strong></span> <span class='ocrx_word' id='word_1_28' title='bbox 1400 792 1434 835; x_wconf 91' lang='lat' dir='ltr'><strong>se</strong></span> 
     </span>
     <span class='ocr_line' id='line_1_5' title="bbox 248 877 1435 960; baseline 0.002 -22"><span class='ocrx_word' id='word_1_29' title='bbox 248 877 411 959; x_wconf 78' lang='lat' dir='ltr'><strong>aedisset,</strong></span> <span class='ocrx_word' id='word_1_30' title='bbox 435 881 567 960; x_wconf 91' lang='lat' dir='ltr'><strong>questus</strong></span> <span class='ocrx_word' id='word_1_31' title='bbox 596 882 644 942; x_wconf 92' lang='lat' dir='ltr'><strong>est</strong></span> <span class='ocrx_word' id='word_1_32' title='bbox 672 877 705 940; x_wconf 93' lang='lat' dir='ltr'><strong>in</strong></span> <span class='ocrx_word' id='word_1_33' title='bbox 734 882 854 943; x_wconf 87' lang='lat' dir='ltr'><strong>senatu.</strong></span> <span class='ocrx_word' id='word_1_34' title='bbox 897 877 993 941; x_wconf 91' lang='lat' dir='ltr'><strong>etiam</strong></span> <span class='ocrx_word' id='word_1_35' title='bbox 1022 899 1117 942; x_wconf 91' lang='lat' dir='ltr'><strong>causa</strong></span> <span class='ocrx_word' id='word_1_36' title='bbox 1144 877 1257 942; x_wconf 91' lang='lat' dir='ltr'><strong>mortis</strong></span> <span class='ocrx_word' id='word_1_37' title='bbox 1281 878 1380 942; x_wconf 84' lang='lat' dir='ltr'><strong>tuisse</strong></span> <span class='ocrx_word' id='word_1_38' title='bbox 1404 877 1435 941; x_wconf 90' lang='lat' dir='ltr'><strong>ei</strong></span> 
     </span>
     <span class='ocr_line' id='line_1_6' title="bbox 285 966 1477 1070; baseline 0.004 -25"><span class='ocrx_word' id='word_1_39' title='bbox 285 1005 343 1066; x_wconf 91' lang='lat' dir='ltr'><strong>per</strong></span> <span class='ocrx_word' id='word_1_40' title='bbox 366 981 422 1046; x_wconf 80' lang='lat' dir='ltr'><strong>Cn.</strong></span> <span class='ocrx_word' id='word_1_41' title='bbox 445 983 597 1048; x_wconf 85' lang='lat' dir='ltr'><strong>Pisonem</strong></span> <span class='ocrx_word' id='word_1_42' title='bbox 623 984 767 1070; x_wconf 86' lang='lat' dir='ltr'><strong>legatum</strong></span> <span class='ocrx_word' id='word_1_43' title='bbox 797 983 909 1068; x_wconf 81' lang='lat' dir='ltr'><strong>Syriae</strong></span> <span class='ocrx_word' id='word_1_44' title='bbox 936 966 1091 1069; x_wconf 79' lang='lat' dir='ltr'><strong>creditur,</strong></span> <span class='ocrx_word' id='word_1_45' title='bbox 1118 1005 1214 1066; x_wconf 89' lang='lat' dir='ltr'><strong>quem</strong></span> <span class='ocrx_word' id='word_1_46' title='bbox 1237 1005 1312 1048; x_wconf 84' lang='lat' dir='ltr'><strong>mox</strong></span> <span class='ocrx_word' id='word_1_47' title='bbox 1336 984 1435 1048; x_wconf 89' lang='lat' dir='ltr'><strong>huius</strong></span> <span class='ocrx_word' id='word_1_48' title='bbox 1465 1009 1477 1050; x_wconf 76' lang='lat' dir='ltr'><strong>a</strong></span> 
     </span>
     <span class='ocr_line' id='line_1_7' title="bbox 286 1088 1436 1175; baseline 0 -22"><span class='ocrx_word' id='word_1_49' title='bbox 286 1088 430 1154; x_wconf 87' lang='lat' dir='ltr'><strong>criminis</strong></span> <span class='ocrx_word' id='word_1_50' title='bbox 459 1113 549 1154; x_wconf 91' lang='lat' dir='ltr'><strong>reum</strong></span> <span class='ocrx_word' id='word_1_51' title='bbox 576 1094 692 1173; x_wconf 88' lang='lat' dir='ltr'><strong>putant</strong></span> <span class='ocrx_word' id='word_1_52' title='bbox 720 1091 851 1174; x_wconf 90' lang='lat' dir='ltr'><strong>quidam</strong></span> <span class='ocrx_word' id='word_1_53' title='bbox 879 1091 1029 1154; x_wconf 88' lang='lat' dir='ltr'><strong>mandata</strong></span> <span class='ocrx_word' id='word_1_54' title='bbox 1056 1091 1274 1175; x_wconf 81' lang='lat' dir='ltr'><strong>prolaturum,</strong></span> <span class='ocrx_word' id='word_1_55' title='bbox 1305 1091 1368 1154; x_wconf 93' lang='lat' dir='ltr'><strong>nisi</strong></span> <span class='ocrx_word' id='word_1_56' title='bbox 1397 1113 1436 1153; x_wconf 87' lang='lat' dir='ltr'><strong>ec</strong></span> 
     </span>
     <span class='ocr_line' id='line_1_8' title="bbox 286 1197 1437 1281; baseline -0.001 -21"><span class='ocrx_word' id='word_1_57' title='bbox 286 1201 408 1262; x_wconf 91' lang='lat' dir='ltr'><strong>secreto</strong></span> <span class='ocrx_word' id='word_1_58' title='bbox 432 1198 634 1281; x_wconf 87' lang='lat' dir='ltr'><strong>ostentant&lt;</strong></span> <span class='ocrx_word' id='word_1_59' title='bbox 636 1247 731 1262; x_wconf 92' lang='grc'><strong>......</strong></span> <span class='ocrx_word' id='word_1_60' title='bbox 733 1198 754 1280; x_wconf 86' lang='grc'>&gt;</span> <span class='ocrx_word' id='word_1_61' title='bbox 777 1219 858 1281; x_wconf 89' lang='lat' dir='ltr'><strong>quae</strong></span> <span class='ocrx_word' id='word_1_62' title='bbox 881 1197 1092 1261; x_wconf 88' lang='lat' dir='ltr'><strong>multifariam</strong></span> <span class='ocrx_word' id='word_1_63' title='bbox 1111 1197 1302 1280; x_wconf 88' lang='lat' dir='ltr'><strong>inscriptum</strong></span> <span class='ocrx_word' id='word_1_64' title='bbox 1320 1201 1353 1260; x_wconf 91' lang='lat' dir='ltr'><strong>et</strong></span> <span class='ocrx_word' id='word_1_65' title='bbox 1375 1218 1437 1280; x_wconf 91' lang='lat' dir='ltr'><strong>per</strong></span> 
     </span>
     <span class='ocr_line' id='line_1_9' title="bbox 284 1303 1436 1369; baseline 0 -3"><span class='ocrx_word' id='word_1_66' title='bbox 284 1306 395 1367; x_wconf 91' lang='lat' dir='ltr'><strong>noctes</strong></span> <span class='ocrx_word' id='word_1_67' title='bbox 427 1303 633 1368; x_wconf 80' lang='lat' dir='ltr'><strong>celeberrime</strong></span> <span class='ocrx_word' id='word_1_68' title='bbox 665 1304 880 1369; x_wconf 73' lang='lat' dir='ltr'><strong>adclamatum</strong></span> <span class='ocrx_word' id='word_1_69' title='bbox 913 1308 975 1369; x_wconf 89' lang='lat' dir='ltr'><strong>est:</strong></span> <span class='ocrx_word' id='word_1_70' title='bbox 1008 1305 1122 1368; x_wconf 87' lang='lat' dir='ltr'><strong>redde</strong></span> <span class='ocrx_word' id='word_1_71' title='bbox 1156 1303 1436 1368; x_wconf 84' lang='lat' dir='ltr'><strong>Germanicum!</strong></span> 
     </span>
     <span class='ocr_line' id='line_1_10' title="bbox 285 1409 1438 1497; baseline -0.001 -23"><span class='ocrx_word' id='word_1_72' title='bbox 285 1431 382 1494; x_wconf 88' lang='lat' dir='ltr'><strong>quam</strong></span> <span class='ocrx_word' id='word_1_73' title='bbox 407 1411 623 1494; x_wconf 84' lang='lat' dir='ltr'><strong>suspicionem</strong></span> <span class='ocrx_word' id='word_1_74' title='bbox 652 1411 856 1475; x_wconf 86' lang='lat' dir='ltr'><strong>confirmauit</strong></span> <span class='ocrx_word' id='word_1_75' title='bbox 883 1411 953 1495; x_wconf 88' lang='lat' dir='ltr'><strong>ipse</strong></span> <span class='ocrx_word' id='word_1_76' title='bbox 980 1415 1092 1495; x_wconf 88' lang='lat' dir='ltr'><strong>postea</strong></span> <span class='ocrx_word' id='word_1_77' title='bbox 1115 1410 1252 1497; x_wconf 82' lang='lat' dir='ltr'><strong>coniuge</strong></span> <span class='ocrx_word' id='word_1_78' title='bbox 1275 1409 1374 1474; x_wconf 88' lang='lat' dir='ltr'><strong>etiam</strong></span> <span class='ocrx_word' id='word_1_79' title='bbox 1398 1431 1438 1474; x_wconf 86' lang='lat' dir='ltr'><strong>ac</strong></span> 
     </span>
     <span class='ocr_line' id='line_1_11' title="bbox 283 1516 1480 1584; baseline 0.002 -4"><span class='ocrx_word' id='word_1_80' title='bbox 283 1516 396 1580; x_wconf 92' lang='lat' dir='ltr'><strong>liberis</strong></span> <span class='ocrx_word' id='word_1_81' title='bbox 421 1516 610 1582; x_wconf 78' lang='lat' dir='ltr'><strong>Germanici.</strong></span> <span class='ocrx_word' id='word_1_82' title='bbox 627 1518 786 1582; x_wconf 89' lang='lat' dir='ltr'><strong>crudelem</strong></span> <span class='ocrx_word' id='word_1_83' title='bbox 810 1518 844 1581; x_wconf 93' lang='lat' dir='ltr'><strong>in</strong></span> <span class='ocrx_word' id='word_1_84' title='bbox 868 1519 1000 1582; x_wconf 91' lang='lat' dir='ltr'><strong>modum</strong></span> <span class='ocrx_word' id='word_1_85' title='bbox 1024 1518 1160 1582; x_wconf 88' lang='lat' dir='ltr'><strong>afflictis.</strong></span> <span class='ocrx_word' id='word_1_86' title='bbox 1453 1545 1480 1584; x_wconf 84' lang='grc' dir='ltr'><strong>ιο</strong></span> 
     </span>
     <span class='ocr_line' id='line_1_12' title="bbox 231 1618 1436 1710; baseline 0.002 -25"><span class='ocrx_word' id='word_1_87' title='bbox 231 1618 276 1685; x_wconf 77' lang='lat'><strong>63</strong></span> <span class='ocrx_word' id='word_1_88' title='bbox 374 1621 502 1688; x_wconf 89' lang='lat' dir='ltr'><strong>Nurum</strong></span> <span class='ocrx_word' id='word_1_89' title='bbox 516 1623 732 1710; x_wconf 81' lang='lat' dir='ltr'><strong>Agrippinam</strong></span> <span class='ocrx_word' id='word_1_90' title='bbox 751 1629 825 1708; x_wconf 90' lang='lat' dir='ltr'><strong>post</strong></span> <span class='ocrx_word' id='word_1_91' title='bbox 844 1625 953 1689; x_wconf 91' lang='lat' dir='ltr'><strong>mariti</strong></span> <span class='ocrx_word' id='word_1_92' title='bbox 971 1630 1108 1689; x_wconf 90' lang='lat' dir='ltr'><strong>mortem</strong></span> <span class='ocrx_word' id='word_1_93' title='bbox 1127 1624 1261 1689; x_wconf 75' lang='lat' dir='ltr'><strong>liberius</strong></span> <span class='ocrx_word' id='word_1_94' title='bbox 1280 1624 1436 1708; x_wconf 87' lang='lat' dir='ltr'><strong>quiddam</strong></span> 
     </span>
     <span class='ocr_line' id='line_1_13' title="bbox 284 1730 1443 1816; baseline 0 -22"><span class='ocrx_word' id='word_1_95' title='bbox 284 1734 431 1814; x_wconf 78' lang='lat' dir='ltr'><strong>questam</strong></span> <span class='ocrx_word' id='word_1_96' title='bbox 451 1753 548 1795; x_wconf 91' lang='lat' dir='ltr'><strong>manu</strong></span> <span class='ocrx_word' id='word_1_97' title='bbox 567 1731 780 1816; x_wconf 90' lang='lat' dir='ltr'><strong>apprehendit</strong></span> <span class='ocrx_word' id='word_1_98' title='bbox 801 1730 985 1816; x_wconf 79' lang='lat' dir='ltr'><strong>Graecoque</strong></span> <span class='ocrx_word' id='word_1_99' title='bbox 1004 1753 1100 1796; x_wconf 90' lang='lat' dir='ltr'><strong>uersu</strong></span> <span class='ocrx_word' id='word_1_100' title='bbox 1118 1733 1214 1815; x_wconf 76' lang='lat' dir='ltr'><strong>(corn.</strong></span> <span class='ocrx_word' id='word_1_101' title='bbox 1223 1731 1287 1796; x_wconf 80' lang='lat' dir='ltr'><strong>An.</strong></span> <span class='ocrx_word' id='word_1_102' title='bbox 1300 1735 1362 1814; x_wconf 76' lang='lat' dir='ltr'><strong>fry.</strong></span> <span class='ocrx_word' id='word_1_103' title='bbox 1373 1731 1418 1796; x_wconf 92' lang='grc' dir='ltr'><strong>ΙΙ</strong></span> <span class='ocrx_word' id='word_1_104' title='bbox 1417 1731 1443 1794; x_wconf 88' lang='grc' dir='ltr'><em>Ι</em></span> 
     </span>
     <span class='ocr_line' id='line_1_14' title="bbox 281 1837 1437 1923; baseline 0 -22"><span class='ocrx_word' id='word_1_105' title='bbox 281 1842 389 1920; x_wconf 65' lang='lat' dir='ltr'><strong>aare</strong></span> <span class='ocrx_word' id='word_1_106' title='bbox 407 1838 547 1920; x_wconf 82' lang='lat' dir='ltr'><strong>n.212&gt;:</strong></span> <span class='ocrx_word' id='word_1_107' title='bbox 572 1838 603 1902; x_wconf 92' lang='lat' dir='ltr'><strong>si</strong></span> <span class='ocrx_word' id='word_1_108' title='bbox 623 1860 696 1901; x_wconf 91' lang='lat' dir='ltr'><strong>non</strong></span> <span class='ocrx_word' id='word_1_109' title='bbox 716 1838 943 1921; x_wconf 86' lang='lat' dir='ltr'><strong>dominaris,</strong></span> <span class='ocrx_word' id='word_1_110' title='bbox 962 1838 1077 1922; x_wconf 81' lang='lat' dir='ltr'><strong>inquit,</strong></span> <span class='ocrx_word' id='word_1_111' title='bbox 1095 1839 1232 1923; x_wconf 82' lang='lat' dir='ltr'><strong>filiola,</strong></span> <span class='ocrx_word' id='word_1_112' title='bbox 1251 1837 1437 1902; x_wconf 89' lang='lat' dir='ltr'><strong>iniuriam</strong></span> 
     </span>
     <span class='ocr_line' id='line_1_15' title="bbox 283 1944 1437 2030; baseline -0.001 -22"><span class='ocrx_word' id='word_1_113' title='bbox 283 1948 321 2008; x_wconf 93' lang='lat' dir='ltr'><strong>te</strong></span> <span class='ocrx_word' id='word_1_114' title='bbox 349 1945 523 2028; x_wconf 89' lang='lat' dir='ltr'><strong>accipere</strong></span> <span class='ocrx_word' id='word_1_115' title='bbox 556 1945 778 2010; x_wconf 80' lang='lat' dir='ltr'><strong>existimas?</strong></span> <span class='ocrx_word' id='word_1_116' title='bbox 815 1965 873 2009; x_wconf 89' lang='lat' dir='ltr'><strong>nec</strong></span> <span class='ocrx_word' id='word_1_117' title='bbox 902 1945 970 2010; x_wconf 92' lang='lat' dir='ltr'><strong>ullo</strong></span> <span class='ocrx_word' id='word_1_118' title='bbox 1000 1967 1075 2009; x_wconf 85' lang='lat' dir='ltr'><strong>mox</strong></span> <span class='ocrx_word' id='word_1_119' title='bbox 1108 1966 1254 2011; x_wconf 88' lang='lat' dir='ltr'><strong>sermone</strong></span> <span class='ocrx_word' id='word_1_120' title='bbox 1282 1944 1437 2030; x_wconf 82' lang='lat' dir='ltr'><strong>dignatus</strong></span> 
     </span>
     <span class='ocr_line' id='line_1_16' title="bbox 283 2052 1479 2137; baseline 0.004 -23"><span class='ocrx_word' id='word_1_121' title='bbox 283 2055 340 2115; x_wconf 93' lang='lat' dir='ltr'><strong>est.</strong></span> <span class='ocrx_word' id='word_1_122' title='bbox 382 2053 544 2137; x_wconf 90' lang='lat' dir='ltr'><strong>quondam</strong></span> <span class='ocrx_word' id='word_1_123' title='bbox 567 2074 645 2116; x_wconf 91' lang='lat' dir='ltr'><strong>uero</strong></span> <span class='ocrx_word' id='word_1_124' title='bbox 669 2052 753 2116; x_wconf 90' lang='lat' dir='ltr'><strong>inter</strong></span> <span class='ocrx_word' id='word_1_125' title='bbox 776 2075 884 2117; x_wconf 88' lang='lat' dir='ltr'><strong>cenam</strong></span> <span class='ocrx_word' id='word_1_126' title='bbox 912 2056 1060 2136; x_wconf 86' lang='lat' dir='ltr'><strong>porrecta</strong></span> <span class='ocrx_word' id='word_1_127' title='bbox 1084 2077 1102 2117; x_wconf 94' lang='lat' dir='ltr'><strong>a</strong></span> <span class='ocrx_word' id='word_1_128' title='bbox 1126 2074 1158 2116; x_wconf 90' lang='lat' dir='ltr'><strong>se</strong></span> <span class='ocrx_word' id='word_1_129' title='bbox 1181 2073 1278 2136; x_wconf 90' lang='lat' dir='ltr'><strong>poma</strong></span> <span class='ocrx_word' id='word_1_130' title='bbox 1301 2054 1479 2136; x_wconf 74' lang='lat' dir='ltr'><strong>gustares</strong></span> 
     </span>
     <span class='ocr_line' id='line_1_17' title="bbox 282 2157 1437 2237; baseline -0.001 -16"><span class='ocrx_word' id='word_1_131' title='bbox 282 2179 349 2221; x_wconf 88' lang='lat' dir='ltr'><strong>non</strong></span> <span class='ocrx_word' id='word_1_132' title='bbox 376 2180 486 2222; x_wconf 89' lang='lat' dir='ltr'><strong>ausam</strong></span> <span class='ocrx_word' id='word_1_133' title='bbox 515 2158 612 2222; x_wconf 88' lang='lat' dir='ltr'><strong>etiam</strong></span> <span class='ocrx_word' id='word_1_134' title='bbox 640 2179 756 2224; x_wconf 84' lang='lat' dir='ltr'><strong>uocare</strong></span> <span class='ocrx_word' id='word_1_135' title='bbox 780 2159 888 2237; x_wconf 89' lang='lat' dir='ltr'><strong>desiit,</strong></span> <span class='ocrx_word' id='word_1_136' title='bbox 917 2158 1071 2222; x_wconf 87' lang='lat' dir='ltr'><strong>simulans</strong></span> <span class='ocrx_word' id='word_1_137' title='bbox 1098 2159 1213 2222; x_wconf 90' lang='lat' dir='ltr'><strong>ueneni</strong></span> <span class='ocrx_word' id='word_1_138' title='bbox 1242 2179 1276 2221; x_wconf 93' lang='lat' dir='ltr'><strong>se</strong></span> <span class='ocrx_word' id='word_1_139' title='bbox 1298 2157 1437 2236; x_wconf 80' lang='lat' dir='ltr'><strong>crimine</strong></span> 
     </span>
     <span class='ocr_line' id='line_1_18' title="bbox 283 2265 1437 2350; baseline 0.001 -23"><span class='ocrx_word' id='word_1_140' title='bbox 283 2265 414 2350; x_wconf 81' lang='lat' dir='ltr'><strong>arcersi3</strong></span> <span class='ocrx_word' id='word_1_141' title='bbox 438 2287 511 2329; x_wconf 89' lang='lat' dir='ltr'><strong>cum</strong></span> <span class='ocrx_word' id='word_1_142' title='bbox 529 2269 767 2349; x_wconf 78' lang='lat' dir='ltr'><strong>praestructum</strong></span> <span class='ocrx_word' id='word_1_143' title='bbox 786 2270 958 2349; x_wconf 90' lang='lat' dir='ltr'><strong>utrumque</strong></span> <span class='ocrx_word' id='word_1_144' title='bbox 978 2265 1125 2329; x_wconf 89' lang='lat' dir='ltr'><strong>consulto</strong></span> <span class='ocrx_word' id='word_1_145' title='bbox 1145 2267 1239 2349; x_wconf 89' lang='lat' dir='ltr'><strong>esset,</strong></span> <span class='ocrx_word' id='word_1_146' title='bbox 1257 2268 1294 2329; x_wconf 90' lang='lat' dir='ltr'><strong>ut</strong></span> <span class='ocrx_word' id='word_1_147' title='bbox 1312 2268 1346 2327; x_wconf 92' lang='lat' dir='ltr'><strong>et</strong></span> <span class='ocrx_word' id='word_1_148' title='bbox 1364 2265 1437 2347; x_wconf 89' lang='lat' dir='ltr'><strong>ipse</strong></span> 
     </span>
     <span class='ocr_line' id='line_1_19' title="bbox 283 2371 1437 2456; baseline 0 -22"><span class='ocrx_word' id='word_1_149' title='bbox 283 2371 463 2455; x_wconf 90' lang='lat' dir='ltr'><strong>temptandi</strong></span> <span class='ocrx_word' id='word_1_150' title='bbox 490 2371 595 2456; x_wconf 84' lang='lat' dir='ltr'><strong>gratia</strong></span> <span class='ocrx_word' id='word_1_151' title='bbox 623 2373 752 2436; x_wconf 89' lang='lat' dir='ltr'><strong>offerret</strong></span> <span class='ocrx_word' id='word_1_152' title='bbox 780 2376 812 2436; x_wconf 94' lang='lat' dir='ltr'><strong>et</strong></span> <span class='ocrx_word' id='word_1_153' title='bbox 842 2371 898 2436; x_wconf 91' lang='lat' dir='ltr'><strong>illa</strong></span> <span class='ocrx_word' id='word_1_154' title='bbox 927 2373 1018 2456; x_wconf 89' lang='lat' dir='ltr'><strong>quasi</strong></span> <span class='ocrx_word' id='word_1_155' title='bbox 1050 2371 1264 2436; x_wconf 88' lang='lat' dir='ltr'><strong>certissimum</strong></span> <span class='ocrx_word' id='word_1_156' title='bbox 1298 2371 1437 2435; x_wconf 85' lang='lat' dir='ltr'><strong>exitium</strong></span> 
     </span>
     <span class='ocr_line' id='line_1_20' title="bbox 248 2478 1437 2564; baseline 0.002 -25"><span class='ocrx_word' id='word_1_157' title='bbox 248 2481 420 2541; x_wconf 73' lang='lat' dir='ltr'><strong>tcaueret.</strong></span> <span class='ocrx_word' id='word_1_158' title='bbox 467 2478 642 2542; x_wconf 88' lang='lat' dir='ltr'><strong>nouissime</strong></span> <span class='ocrx_word' id='word_1_159' title='bbox 675 2478 887 2543; x_wconf 87' lang='lat' dir='ltr'><strong>calumniatus</strong></span> <span class='ocrx_word' id='word_1_160' title='bbox 919 2479 1016 2543; x_wconf 93' lang='lat' dir='ltr'><strong>modo</strong></span> <span class='ocrx_word' id='word_1_161' title='bbox 1047 2479 1088 2542; x_wconf 89' lang='lat' dir='ltr'><strong>ad</strong></span> <span class='ocrx_word' id='word_1_162' title='bbox 1119 2481 1259 2543; x_wconf 89' lang='lat' dir='ltr'><strong>statuam</strong></span> <span class='ocrx_word' id='word_1_163' title='bbox 1291 2478 1437 2564; x_wconf 84' lang='lat' dir='ltr'><strong>Augusti</strong></span> 
     </span>
    </p>
   </div>
   <div class='ocr_carea' id='block_1_3' title="bbox 283 2583 1479 3205">
    <p class='ocr_par' dir='ltr' id='par_1_3' title="bbox 283 2583 1479 3205">
     <span class='ocr_line' id='line_1_21' title="bbox 283 2583 1479 2671; baseline 0.006 -24"><span class='ocrx_word' id='word_1_164' title='bbox 283 2583 380 2647; x_wconf 92' lang='lat' dir='ltr'><strong>modo</strong></span> <span class='ocrx_word' id='word_1_165' title='bbox 400 2585 441 2647; x_wconf 90' lang='lat' dir='ltr'><strong>ad</strong></span> <span class='ocrx_word' id='word_1_166' title='bbox 459 2585 617 2649; x_wconf 84' lang='lat' dir='ltr'><strong>exercitus</strong></span> <span class='ocrx_word' id='word_1_167' title='bbox 637 2586 809 2671; x_wconf 84' lang='lat' dir='ltr'><strong>confugere</strong></span> <span class='ocrx_word' id='word_1_168' title='bbox 828 2587 921 2668; x_wconf 92' lang='lat' dir='ltr'><strong>uelle,</strong></span> <span class='ocrx_word' id='word_1_169' title='bbox 940 2585 1164 2650; x_wconf 89' lang='lat' dir='ltr'><strong>Pandatariam</strong></span> <span class='ocrx_word' id='word_1_170' title='bbox 1183 2585 1341 2671; x_wconf 84' lang='lat' dir='ltr'><strong>relegauit</strong></span> <span class='ocrx_word' id='word_1_171' title='bbox 1360 2606 1436 2648; x_wconf 88' lang='lat' dir='ltr'><strong>con·</strong></span> <span class='ocrx_word' id='word_1_172' title='bbox 1451 2613 1479 2654; x_wconf 81' lang='lat' dir='ltr'><strong>so</strong></span> 
     </span>
     <span class='ocr_line' id='line_1_22' title="bbox 283 2690 1436 2775; baseline 0.003 -22"><span class='ocrx_word' id='word_1_173' title='bbox 283 2690 482 2773; x_wconf 86' lang='lat' dir='ltr'><strong>uiciantique</strong></span> <span class='ocrx_word' id='word_1_174' title='bbox 505 2692 635 2756; x_wconf 90' lang='lat' dir='ltr'><strong>oculum</strong></span> <span class='ocrx_word' id='word_1_175' title='bbox 658 2713 715 2775; x_wconf 90' lang='lat' dir='ltr'><strong>per</strong></span> <span class='ocrx_word' id='word_1_176' title='bbox 734 2693 953 2756; x_wconf 86' lang='lat' dir='ltr'><strong>centurionem</strong></span> <span class='ocrx_word' id='word_1_177' title='bbox 973 2692 1162 2757; x_wconf 90' lang='lat' dir='ltr'><strong>uerberibus</strong></span> <span class='ocrx_word' id='word_1_178' title='bbox 1181 2692 1330 2758; x_wconf 84' lang='lat' dir='ltr'><strong>excussit.</strong></span> <span class='ocrx_word' id='word_1_179' title='bbox 1365 2715 1436 2756; x_wconf 91' lang='lat' dir='ltr'><strong>rur-</strong></span> 
     </span>
     <span class='ocr_line' id='line_1_23' title="bbox 284 2797 1436 2883; baseline 0.003 -23"><span class='ocrx_word' id='word_1_180' title='bbox 284 2819 338 2861; x_wconf 91' lang='lat' dir='ltr'><strong>sus</strong></span> <span class='ocrx_word' id='word_1_181' title='bbox 367 2797 450 2861; x_wconf 90' lang='lat' dir='ltr'><strong>mori</strong></span> <span class='ocrx_word' id='word_1_182' title='bbox 477 2797 583 2863; x_wconf 91' lang='lat' dir='ltr'><strong>inedia</strong></span> <span class='ocrx_word' id='word_1_183' title='bbox 611 2799 783 2863; x_wconf 88' lang='lat' dir='ltr'><strong>destinanti</strong></span> <span class='ocrx_word' id='word_1_184' title='bbox 812 2823 870 2883; x_wconf 94' lang='lat' dir='ltr'><strong>per</strong></span> <span class='ocrx_word' id='word_1_185' title='bbox 896 2800 962 2864; x_wconf 89' lang='lat' dir='ltr'><strong>uim</strong></span> <span class='ocrx_word' id='word_1_186' title='bbox 993 2822 1047 2865; x_wconf 88' lang='lat' dir='ltr'><strong>ore</strong></span> <span class='ocrx_word' id='word_1_187' title='bbox 1071 2800 1200 2864; x_wconf 90' lang='lat' dir='ltr'><strong>diducto</strong></span> <span class='ocrx_word' id='word_1_188' title='bbox 1224 2800 1367 2864; x_wconf 82' lang='lat' dir='ltr'><strong>infulciri</strong></span> <span class='ocrx_word' id='word_1_189' title='bbox 1391 2800 1436 2864; x_wconf 93' lang='lat' dir='ltr'><strong>ci-</strong></span> 
     </span>
     <span class='ocr_line' id='line_1_24' title="bbox 283 2903 1437 2990; baseline 0.001 -23"><span class='ocrx_word' id='word_1_190' title='bbox 283 2903 362 2967; x_wconf 90' lang='lat' dir='ltr'><strong>bum</strong></span> <span class='ocrx_word' id='word_1_191' title='bbox 386 2905 488 2969; x_wconf 88' lang='lat' dir='ltr'><strong>iussit.</strong></span> <span class='ocrx_word' id='word_1_192' title='bbox 531 2906 641 2970; x_wconf 89' lang='lat' dir='ltr'><strong>sedet</strong></span> <span class='ocrx_word' id='word_1_193' title='bbox 668 2910 927 2990; x_wconf 89' lang='lat' dir='ltr'><strong>perseuerantem</strong></span> <span class='ocrx_word' id='word_1_194' title='bbox 951 2911 1048 2990; x_wconf 89' lang='lat' dir='ltr'><strong>atque</strong></span> <span class='ocrx_word' id='word_1_195' title='bbox 1076 2907 1121 2970; x_wconf 89' lang='lat' dir='ltr'><strong>ita</strong></span> <span class='ocrx_word' id='word_1_196' title='bbox 1144 2907 1350 2990; x_wconf 90' lang='lat' dir='ltr'><strong>absumptam</strong></span> <span class='ocrx_word' id='word_1_197' title='bbox 1374 2907 1437 2968; x_wconf 91' lang='lat' dir='ltr'><strong>cri-</strong></span> 
     </span>
     <span class='ocr_line' id='line_1_25' title="bbox 284 3010 1437 3098; baseline 0.002 -24"><span class='ocrx_word' id='word_1_198' title='bbox 284 3010 500 3098; x_wconf 77' lang='lat' dir='ltr'><strong>minosissime</strong></span> <span class='ocrx_word' id='word_1_199' title='bbox 523 3013 712 3096; x_wconf 83' lang='lat' dir='ltr'><strong>insectatus,</strong></span> <span class='ocrx_word' id='word_1_200' title='bbox 736 3036 809 3078; x_wconf 91' lang='lat' dir='ltr'><strong>cum</strong></span> <span class='ocrx_word' id='word_1_201' title='bbox 834 3013 918 3078; x_wconf 91' lang='lat' dir='ltr'><strong>diem</strong></span> <span class='ocrx_word' id='word_1_202' title='bbox 942 3036 1069 3097; x_wconf 89' lang='lat' dir='ltr'><strong>quoque</strong></span> <span class='ocrx_word' id='word_1_203' title='bbox 1093 3015 1233 3078; x_wconf 87' lang='lat' dir='ltr'><strong>natalem</strong></span> <span class='ocrx_word' id='word_1_204' title='bbox 1256 3013 1324 3076; x_wconf 91' lang='lat' dir='ltr'><strong>eius</strong></span> <span class='ocrx_word' id='word_1_205' title='bbox 1348 3013 1437 3076; x_wconf 91' lang='lat' dir='ltr'><strong>inter</strong></span> 
     </span>
     <span class='ocr_line' id='line_1_26' title="bbox 283 3117 1477 3205; baseline 0.005 -25"><span class='ocrx_word' id='word_1_206' title='bbox 283 3117 426 3182; x_wconf 86' lang='lat' dir='ltr'><strong>nefastos</strong></span> <span class='ocrx_word' id='word_1_207' title='bbox 458 3119 659 3183; x_wconf 84' lang='lat' dir='ltr'><strong>referendum</strong></span> <span class='ocrx_word' id='word_1_208' title='bbox 693 3122 858 3204; x_wconf 84' lang='lat' dir='ltr'><strong>suasisset,</strong></span> <span class='ocrx_word' id='word_1_209' title='bbox 894 3120 1068 3205; x_wconf 90' lang='lat' dir='ltr'><strong>imputauit</strong></span> <span class='ocrx_word' id='word_1_210' title='bbox 1100 3120 1211 3204; x_wconf 81' lang='lat' dir='ltr'><strong>ctiam,</strong></span> <span class='ocrx_word' id='word_1_211' title='bbox 1248 3119 1335 3203; x_wconf 88' lang='lat' dir='ltr'><strong>quod</strong></span> <span class='ocrx_word' id='word_1_212' title='bbox 1366 3142 1434 3183; x_wconf 91' lang='lat' dir='ltr'><strong>non</strong></span> <span class='ocrx_word' id='word_1_213' title='bbox 1451 3147 1477 3186; x_wconf 77' lang='lat' dir='ltr'><strong>a</strong></span> 
     </span>
    </p>
   </div>
   <div class='ocr_carea' id='block_1_4' title="bbox 283 3267 1435 3399">
    <p class='ocr_par' dir='ltr' id='par_1_4' title="bbox 283 3267 1435 3399">
     <span class='ocr_line' id='line_1_27' title="bbox 357 3267 1435 3338; baseline 0 -18"><span class='ocrx_word' id='word_1_214' title='bbox 357 3271 389 3320; x_wconf 91' lang='lat'><strong>10</strong></span> <span class='ocrx_word' id='word_1_215' title='bbox 408 3274 433 3321; x_wconf 85' lang='lat' dir='ltr'><strong>et</strong></span> <span class='ocrx_word' id='word_1_216' title='bbox 451 3285 478 3336; x_wconf 85' lang='lat' dir='ltr'><strong>p.</strong></span> <span class='ocrx_word' id='word_1_217' title='bbox 491 3273 594 3334; x_wconf 84' lang='grc'><strong>149,15</strong></span> <span class='ocrx_word' id='word_1_218' title='bbox 613 3269 658 3336; x_wconf 80' lang='lat' dir='ltr'><strong>(cf.</strong></span> <span class='ocrx_word' id='word_1_219' title='bbox 673 3286 700 3337; x_wconf 93' lang='lat' dir='ltr'><strong>p.</strong></span> <span class='ocrx_word' id='word_1_220' title='bbox 717 3274 777 3335; x_wconf 84' lang='grc'><strong>152,</strong></span> <span class='ocrx_word' id='word_1_221' title='bbox 792 3272 837 3338; x_wconf 85' lang='grc'><strong>23)</strong></span> <span class='ocrx_word' id='word_1_222' title='bbox 859 3269 935 3324; x_wconf 82' lang='lat' dir='ltr'><strong>Oros.</strong></span> <span class='ocrx_word' id='word_1_223' title='bbox 950 3269 1011 3322; x_wconf 88' lang='lat' dir='ltr'><strong>VII</strong></span> <span class='ocrx_word' id='word_1_224' title='bbox 1022 3273 1076 3336; x_wconf 79' lang='grc'><strong>4,9</strong></span> <span class='ocrx_word' id='word_1_225' title='bbox 1099 3268 1171 3322; x_wconf 90' lang='lat' dir='ltr'><strong>filios</strong></span> <span class='ocrx_word' id='word_1_226' title='bbox 1195 3267 1355 3322; x_wconf 84' lang='lat' dir='ltr'><strong>Germanici</strong></span> <span class='ocrx_word' id='word_1_227' title='bbox 1381 3267 1435 3320; x_wconf 92' lang='lat' dir='ltr'><strong>filii</strong></span> 
     </span>
     <span class='ocr_line' id='line_1_28' title="bbox 283 3343 496 3399; baseline 0.005 -1"><span class='ocrx_word' id='word_1_228' title='bbox 283 3343 327 3398; x_wconf 90' lang='lat' dir='ltr'><strong>sui</strong></span> <span class='ocrx_word' id='word_1_229' title='bbox 345 3345 496 3399; x_wconf 81' lang='lat' dir='ltr'><strong>interfecit.</strong></span> 
     </span>
    </p>
   </div>
   <div class='ocr_carea' id='block_1_5' title="bbox 283 3440 498 3448">
    <p class='ocr_par' dir='ltr' id='par_1_5' title="bbox 283 3440 498 3448">
     <span class='ocr_line' id='line_1_29' title="bbox 283 3440 498 3448; baseline 0.009 -2"><span class='ocrx_word' id='word_1_230' title='bbox 283 3440 498 3448; x_wconf 69' lang='lat'><em>———.</em></span> 
     </span>
    </p>
   </div>
   <div class='ocr_carea' id='block_1_6' title="bbox 282 3479 1435 4597">
    <p class='ocr_par' dir='ltr' id='par_1_6' title="bbox 282 3479 1435 4597">
     <span class='ocr_line' id='line_1_30' title="bbox 357 3479 1435 3552; baseline 0.004 -20"><span class='ocrx_word' id='word_1_231' title='bbox 357 3485 370 3532; x_wconf 91' lang='lat'><strong>1</strong></span> <span class='ocrx_word' id='word_1_232' title='bbox 390 3479 534 3548; x_wconf 87' lang='lat' dir='ltr'><strong>praeclare</strong></span> <span class='ocrx_word' id='word_1_233' title='bbox 544 3480 660 3551; x_wconf 78' lang='lat' dir='ltr'><strong>Bentley</strong></span> <span class='ocrx_word' id='word_1_234' title='bbox 724 3481 830 3535; x_wconf 88' lang='lat' dir='ltr'><strong>elueret</strong></span> <span class='ocrx_word' id='word_1_235' title='bbox 839 3483 901 3552; x_wconf 79' lang='lat' dir='ltr'><strong>HQ,</strong></span> <span class='ocrx_word' id='word_1_236' title='bbox 911 3481 1036 3536; x_wconf 90' lang='lat' dir='ltr'><strong>eluderet</strong></span> <span class='ocrx_word' id='word_1_237' title='bbox 1046 3485 1082 3548; x_wconf 87' lang='lat' dir='ltr'><strong>R,</strong></span> <span class='ocrx_word' id='word_1_238' title='bbox 1097 3483 1221 3537; x_wconf 85' lang='lat' dir='ltr'><strong>eleuaret</strong></span> <span class='ocrx_word' id='word_1_239' title='bbox 1230 3483 1269 3537; x_wconf 86' lang='lat' dir='ltr'><strong>cd.</strong></span> <span class='ocrx_word' id='word_1_240' title='bbox 1286 3483 1350 3538; x_wconf 85' lang='lat' dir='ltr'><strong>Ven.</strong></span> <span class='ocrx_word' id='word_1_241' title='bbox 1361 3486 1435 3536; x_wconf 84' lang='lat'><strong><em>1510</em></strong></span> 
     </span>
     <span class='ocr_line' id='line_1_31' title="bbox 284 3558 1434 3632; baseline 0.003 -19"><span class='ocrx_word' id='word_1_242' title='bbox 284 3561 320 3614; x_wconf 86' lang='lat' dir='ltr'><strong>at.</strong></span> <span class='ocrx_word' id='word_1_243' title='bbox 335 3561 399 3626; x_wconf 79' lang='lat' dir='ltr'><strong>fort.</strong></span> <span class='ocrx_word' id='word_1_244' title='bbox 414 3568 483 3615; x_wconf 78' lang='lat' dir='ltr'><strong>recte</strong></span> <span class='ocrx_word' id='word_1_245' title='bbox 568 3567 583 3612; x_wconf 92' lang='grc'><strong>2</strong></span> <span class='ocrx_word' id='word_1_246' title='bbox 609 3558 671 3632; x_wconf 91' lang='lat' dir='ltr'><strong>ceu]</strong></span> <span class='ocrx_word' id='word_1_247' title='bbox 692 3559 782 3614; x_wconf 90' lang='lat' dir='ltr'><strong>ueluti</strong></span> <span class='ocrx_word' id='word_1_248' title='bbox 800 3561 825 3616; x_wconf 75' lang='lat' dir='ltr'><strong><em>G</em></strong></span> <span class='ocrx_word' id='word_1_249' title='bbox 917 3562 1071 3632; x_wconf 86' lang='lat' dir='ltr'><strong>increparit</strong></span> <span class='ocrx_word' id='word_1_250' title='bbox 1090 3563 1123 3617; x_wconf 80' lang='lat' dir='ltr'><strong>S’</strong></span> <span class='ocrx_word' id='word_1_251' title='bbox 1142 3563 1192 3632; x_wconf 86' lang='lat' dir='ltr'><strong>(ed.</strong></span> <span class='ocrx_word' id='word_1_252' title='bbox 1207 3561 1283 3617; x_wconf 86' lang='lat' dir='ltr'><strong>Innt.</strong></span> <span class='ocrx_word' id='word_1_253' title='bbox 1300 3563 1434 3630; x_wconf 74' lang='grc'><strong>151051.)</strong></span> 
     </span>
     <span class='ocr_line' id='line_1_32' title="bbox 283 3641 1435 3715; baseline 0.003 -23"><span class='ocrx_word' id='word_1_254' title='bbox 283 3646 299 3692; x_wconf 90' lang='lat'>4</span> <span class='ocrx_word' id='word_1_255' title='bbox 319 3655 434 3694; x_wconf 86' lang='lat' dir='ltr'><strong>causam</strong></span> <span class='ocrx_word' id='word_1_256' title='bbox 449 3641 489 3694; x_wconf 68' lang='grc' dir='ltr'><strong>Ι)</strong></span> <span class='ocrx_word' id='word_1_257' title='bbox 539 3646 555 3694; x_wconf 91' lang='grc'><strong>5</strong></span> <span class='ocrx_word' id='word_1_258' title='bbox 575 3641 697 3695; x_wconf 85' lang='lat' dir='ltr'><strong>creditur</strong></span> <span class='ocrx_word' id='word_1_259' title='bbox 713 3642 778 3696; x_wconf 83' lang='lat' dir='ltr'><strong>Get</strong></span> <span class='ocrx_word' id='word_1_260' title='bbox 797 3641 834 3697; x_wconf 82' lang='lat' dir='ltr'><strong>V²</strong></span> <span class='ocrx_word' id='word_1_261' title='bbox 846 3644 877 3696; x_wconf 78' lang='lat' dir='ltr'><strong>in</strong></span> <span class='ocrx_word' id='word_1_262' title='bbox 896 3661 982 3715; x_wconf 70' lang='lat' dir='ltr'><strong>many.</strong></span> <span class='ocrx_word' id='word_1_263' title='bbox 997 3646 1130 3698; x_wconf 75' lang='lat' dir='ltr'><strong>incertam</strong></span> <span class='ocrx_word' id='word_1_264' title='bbox 1146 3661 1229 3713; x_wconf 79' lang='lat' dir='ltr'><strong>ynam</strong></span> <span class='ocrx_word' id='word_1_265' title='bbox 1242 3651 1319 3709; x_wconf 85' lang='lat' dir='ltr'><strong>recte,</strong></span> <span class='ocrx_word' id='word_1_266' title='bbox 1338 3642 1435 3696; x_wconf 86' lang='lat' dir='ltr'><strong>crede-</strong></span> 
     </span>
     <span class='ocr_line' id='line_1_33' title="bbox 282 3720 1434 3796; baseline 0.003 -24"><span class='ocrx_word' id='word_1_267' title='bbox 282 3723 360 3774; x_wconf 87' lang='lat' dir='ltr'><strong>retur</strong></span> <span class='ocrx_word' id='word_1_268' title='bbox 377 3720 445 3790; x_wconf 77' lang='lat' dir='ltr'><strong>HQ,</strong></span> <span class='ocrx_word' id='word_1_269' title='bbox 469 3721 634 3774; x_wconf 85' lang='lat' dir='ltr'><strong>credebatur</strong></span> <span class='ocrx_word' id='word_1_270' title='bbox 653 3739 682 3788; x_wconf 86' lang='grc' dir='ltr'><strong>ς,</strong></span> <span class='ocrx_word' id='word_1_271' title='bbox 706 3739 757 3777; x_wconf 87' lang='lat' dir='ltr'><strong>om.</strong></span> <span class='ocrx_word' id='word_1_272' title='bbox 773 3724 835 3789; x_wconf 75' lang='lat' dir='ltr'><strong>ret,</strong></span> <span class='ocrx_word' id='word_1_273' title='bbox 858 3730 883 3778; x_wconf 87' lang='lat' dir='ltr'><strong>et</strong></span> <span class='ocrx_word' id='word_1_274' title='bbox 905 3726 944 3778; x_wconf 80' lang='lat' dir='ltr'><strong>sic</strong></span> <span class='ocrx_word' id='word_1_275' title='bbox 962 3725 1078 3795; x_wconf 83' lang='lat' dir='ltr'><strong>Bentley</strong></span> <span class='ocrx_word' id='word_1_276' title='bbox 1102 3726 1191 3796; x_wconf 77' lang='lat' dir='ltr'><strong>tepens</strong></span> <span class='ocrx_word' id='word_1_277' title='bbox 1212 3730 1294 3778; x_wconf 70' lang='lat' dir='ltr'><strong>anna</strong></span> <span class='ocrx_word' id='word_1_278' title='bbox 1317 3725 1434 3791; x_wconf 85' lang='lat' dir='ltr'><strong>questus</strong></span> 
     </span>
     <span class='ocr_line' id='line_1_34' title="bbox 283 3799 1433 3872; baseline 0.003 -19"><span class='ocrx_word' id='word_1_279' title='bbox 283 3800 320 3853; x_wconf 89' lang='lat' dir='ltr'><strong>sit</strong></span> <span class='ocrx_word' id='word_1_280' title='bbox 341 3807 366 3854; x_wconf 86' lang='lat' dir='ltr'><strong>et</strong></span> <span class='ocrx_word' id='word_1_281' title='bbox 384 3799 470 3854; x_wconf 89' lang='lat' dir='ltr'><strong>fuerit</strong></span> <span class='ocrx_word' id='word_1_282' title='bbox 560 3806 575 3854; x_wconf 88' lang='lat'><strong>6</strong></span> <span class='ocrx_word' id='word_1_283' title='bbox 595 3801 649 3854; x_wconf 90' lang='lat' dir='ltr'><strong>nisi</strong></span> <span class='ocrx_word' id='word_1_284' title='bbox 673 3817 706 3855; x_wconf 91' lang='lat' dir='ltr'><strong>ea</strong></span> <span class='ocrx_word' id='word_1_285' title='bbox 730 3807 836 3857; x_wconf 86' lang='lat' dir='ltr'><strong>secreto</strong></span> <span class='ocrx_word' id='word_1_286' title='bbox 858 3806 1001 3858; x_wconf 89' lang='lat' dir='ltr'><strong>ostentant</strong></span> <span class='ocrx_word' id='word_1_287' title='bbox 1024 3819 1097 3872; x_wconf 87' lang='lat' dir='ltr'><strong>quae</strong></span> <span class='ocrx_word' id='word_1_288' title='bbox 1110 3803 1194 3871; x_wconf 84' lang='lat' dir='ltr'><em>MX&#39;,</em></span> <span class='ocrx_word' id='word_1_289' title='bbox 1220 3821 1237 3857; x_wconf 89' lang='lat' dir='ltr'><strong>a</strong></span> <span class='ocrx_word' id='word_1_290' title='bbox 1263 3803 1363 3858; x_wconf 88' lang='lat' dir='ltr'><strong>senatu</strong></span> <span class='ocrx_word' id='word_1_291' title='bbox 1386 3819 1433 3856; x_wconf 87' lang='lat' dir='ltr'><strong>ca-</strong></span> 
     </span>
     <span class='ocr_line' id='line_1_35' title="bbox 282 3879 1435 3954; baseline 0.004 -21"><span class='ocrx_word' id='word_1_292' title='bbox 282 3879 350 3950; x_wconf 86' lang='lat' dir='ltr'><strong>pitis</strong></span> <span class='ocrx_word' id='word_1_293' title='bbox 374 3880 560 3950; x_wconf 84' lang='lat' dir='ltr'><strong>dampnatum</strong></span> <span class='ocrx_word' id='word_1_294' title='bbox 582 3898 633 3935; x_wconf 88' lang='lat' dir='ltr'><strong>nec</strong></span> <span class='ocrx_word' id='word_1_295' title='bbox 657 3898 690 3934; x_wconf 91' lang='lat' dir='ltr'><strong>ea</strong></span> <span class='ocrx_word' id='word_1_296' title='bbox 709 3886 753 3951; x_wconf 86' lang='lat' dir='ltr'><strong>(ex</strong></span> <span class='ocrx_word' id='word_1_297' title='bbox 770 3887 798 3953; x_wconf 83' lang='lat' dir='ltr'><strong>y)</strong></span> <span class='ocrx_word' id='word_1_298' title='bbox 820 3887 925 3938; x_wconf 88' lang='lat' dir='ltr'><strong>secreto</strong></span> <span class='ocrx_word' id='word_1_299' title='bbox 949 3886 1093 3938; x_wconf 87' lang='lat' dir='ltr'><strong>ostentant</strong></span> <span class='ocrx_word' id='word_1_300' title='bbox 1111 3901 1183 3951; x_wconf 88' lang='lat' dir='ltr'><strong>quae</strong></span> <span class='ocrx_word' id='word_1_301' title='bbox 1204 3885 1229 3938; x_wconf 72' lang='lat' dir='ltr'><strong><em>G</em></strong></span> <span class='ocrx_word' id='word_1_302' title='bbox 1248 3884 1383 3954; x_wconf 80' lang='lat' dir='ltr'><strong>(interpol.</strong></span> <span class='ocrx_word' id='word_1_303' title='bbox 1398 3901 1435 3938; x_wconf 74' lang='lat' dir='ltr'><strong>ec</strong></span> 
     </span>
     <span class='ocr_line' id='line_1_36' title="bbox 284 3961 1433 4035; baseline 0.001 -20"><span class='ocrx_word' id='word_1_304' title='bbox 284 3962 341 4016; x_wconf 81' lang='lat' dir='ltr'><strong>Cat.</strong></span> <span class='ocrx_word' id='word_1_305' title='bbox 352 3963 394 4030; x_wconf 82' lang='lat'><strong>2),</strong></span> <span class='ocrx_word' id='word_1_306' title='bbox 413 3961 469 4014; x_wconf 91' lang='lat' dir='ltr'><strong>nisi</strong></span> <span class='ocrx_word' id='word_1_307' title='bbox 488 3977 521 4015; x_wconf 91' lang='lat' dir='ltr'><strong>ea</strong></span> <span class='ocrx_word' id='word_1_308' title='bbox 541 3965 647 4016; x_wconf 88' lang='lat' dir='ltr'><strong>secreta</strong></span> <span class='ocrx_word' id='word_1_309' title='bbox 666 3963 810 4018; x_wconf 88' lang='lat' dir='ltr'><strong>obstarent</strong></span> <span class='ocrx_word' id='word_1_310' title='bbox 828 3982 879 4033; x_wconf 89' lang='lat' dir='ltr'><strong>per</strong></span> <span class='ocrx_word' id='word_1_311' title='bbox 897 3981 969 4033; x_wconf 90' lang='lat' dir='ltr'><strong>quae</strong></span> <span class='ocrx_word' id='word_1_312' title='bbox 991 3968 1015 4017; x_wconf 77' lang='grc' dir='ltr'><strong><em>Τ</em></strong></span> <span class='ocrx_word' id='word_1_313' title='bbox 1031 3966 1142 4035; x_wconf 72' lang='lat' dir='ltr'><strong>(culp),</strong></span> <span class='ocrx_word' id='word_1_314' title='bbox 1167 3964 1223 4017; x_wconf 89' lang='lat' dir='ltr'><strong>nisi</strong></span> <span class='ocrx_word' id='word_1_315' title='bbox 1242 3964 1296 4033; x_wconf 84' lang='lat' dir='ltr'><strong>(net</strong></span> <span class='ocrx_word' id='word_1_316' title='bbox 1309 3961 1348 4031; x_wconf 89' lang='lat' dir='ltr'><strong>ni)</strong></span> <span class='ocrx_word' id='word_1_317' title='bbox 1368 3979 1433 4032; x_wconf 88' lang='lat' dir='ltr'><strong>spes</strong></span> 
     </span>
     <span class='ocr_line' id='line_1_37' title="bbox 283 4041 1434 4115; baseline 0 -21"><span class='ocrx_word' id='word_1_318' title='bbox 283 4044 389 4095; x_wconf 90' lang='lat' dir='ltr'><strong>secreto</strong></span> <span class='ocrx_word' id='word_1_319' title='bbox 404 4043 458 4109; x_wconf 85' lang='lat' dir='ltr'><strong>(nal</strong></span> <span class='ocrx_word' id='word_1_320' title='bbox 473 4058 489 4094; x_wconf 89' lang='lat' dir='ltr'><strong>a</strong></span> <span class='ocrx_word' id='word_1_321' title='bbox 504 4041 615 4112; x_wconf 90' lang='lat' dir='ltr'><strong>Seiano)</strong></span> <span class='ocrx_word' id='word_1_322' title='bbox 635 4046 745 4097; x_wconf 87' lang='lat' dir='ltr'><strong>ostenta</strong></span> <span class='ocrx_word' id='word_1_323' title='bbox 759 4048 834 4098; x_wconf 89' lang='lat' dir='ltr'><strong>esset</strong></span> <span class='ocrx_word' id='word_1_324' title='bbox 846 4045 932 4099; x_wconf 88' lang='lat' dir='ltr'><strong>uitae.</strong></span> <span class='ocrx_word' id='word_1_325' title='bbox 958 4045 1032 4097; x_wconf 91' lang='lat' dir='ltr'><strong>inter</strong></span> <span class='ocrx_word' id='word_1_326' title='bbox 1046 4061 1118 4111; x_wconf 87' lang='lat' dir='ltr'><strong>quae</strong></span> <span class='ocrx_word' id='word_1_327' title='bbox 1129 4045 1254 4115; x_wconf 77' lang='lat' dir='ltr'><strong>Bentley,</strong></span> <span class='ocrx_word' id='word_1_328' title='bbox 1267 4043 1362 4097; x_wconf 81' lang='lat' dir='ltr'><strong>melius</strong></span> <span class='ocrx_word' id='word_1_329' title='bbox 1376 4041 1434 4095; x_wconf 92' lang='lat' dir='ltr'><strong>nisi</strong></span> 
     </span>
     <span class='ocr_line' id='line_1_38' title="bbox 283 4122 1432 4196; baseline 0.002 -22"><span class='ocrx_word' id='word_1_330' title='bbox 283 4139 316 4174; x_wconf 90' lang='lat' dir='ltr'><strong>ea</strong></span> <span class='ocrx_word' id='word_1_331' title='bbox 340 4140 361 4175; x_wconf 89' lang='lat' dir='ltr'><strong>s.</strong></span> <span class='ocrx_word' id='word_1_332' title='bbox 386 4122 562 4194; x_wconf 83' lang='lat' dir='ltr'><strong>ostentant&lt;i</strong></span> <span class='ocrx_word' id='word_1_333' title='bbox 586 4122 738 4177; x_wconf 83' lang='lat' dir='ltr'><strong>auferenda</strong></span> <span class='ocrx_word' id='word_1_334' title='bbox 758 4125 907 4194; x_wconf 90' lang='lat' dir='ltr'><strong>ipsumque</strong></span> <span class='ocrx_word' id='word_1_335' title='bbox 929 4123 1116 4195; x_wconf 81' lang='lat' dir='ltr'><strong>iugulandum</strong></span> <span class='ocrx_word' id='word_1_336' title='bbox 1140 4125 1272 4180; x_wconf 84' lang='lat' dir='ltr'><strong>curasset.</strong></span> <span class='ocrx_word' id='word_1_337' title='bbox 1295 4123 1432 4196; x_wconf 79' lang='lat' dir='ltr'><strong>propter&gt;</strong></span> 
     </span>
     <span class='ocr_line' id='line_1_39' title="bbox 283 4201 1431 4274; baseline 0.003 -19"><span class='ocrx_word' id='word_1_338' title='bbox 283 4218 355 4269; x_wconf 88' lang='lat' dir='ltr'><strong>quae</strong></span> <span class='ocrx_word' id='word_1_339' title='bbox 370 4201 443 4257; x_wconf 85' lang='lat' dir='ltr'><strong>Rotb</strong></span> <span class='ocrx_word' id='word_1_340' title='bbox 498 4202 695 4272; x_wconf 74' lang='lat' dir='ltr'><strong>tinerepitum</strong></span> <span class='ocrx_word' id='word_1_341' title='bbox 710 4209 741 4270; x_wconf 77' lang='grc' dir='ltr'><strong>Τ,</strong></span> <span class='ocrx_word' id='word_1_342' title='bbox 759 4205 984 4260; x_wconf 82' lang='lat' dir='ltr'><strong>inscribunturG</strong></span> <span class='ocrx_word' id='word_1_343' title='bbox 1039 4204 1234 4258; x_wconf 80' lang='lat' dir='ltr'><strong>Soraberrime</strong></span> <span class='ocrx_word' id='word_1_344' title='bbox 1249 4204 1377 4259; x_wconf 85' lang='lat' dir='ltr'><strong>Beroald.</strong></span> <span class='ocrx_word' id='word_1_345' title='bbox 1392 4206 1431 4274; x_wconf 80' lang='grc' dir='ltr'><strong>(ς)</strong></span> 
     </span>
     <span class='ocr_line' id='line_1_40' title="bbox 284 4281 1432 4355; baseline 0.003 -22"><span class='ocrx_word' id='word_1_346' title='bbox 284 4287 315 4333; x_wconf 93' lang='grc'><strong>11</strong></span> <span class='ocrx_word' id='word_1_347' title='bbox 337 4281 493 4350; x_wconf 81' lang='lat' dir='ltr'><strong>quidemG</strong></span> <span class='ocrx_word' id='word_1_348' title='bbox 573 4287 605 4337; x_wconf 89' lang='grc'><strong>15</strong></span> <span class='ocrx_word' id='word_1_349' title='bbox 625 4284 809 4352; x_wconf 82' lang='lat' dir='ltr'><strong>quandamG</strong></span> <span class='ocrx_word' id='word_1_350' title='bbox 892 4291 923 4338; x_wconf 79' lang='lat'><strong>17</strong></span> <span class='ocrx_word' id='word_1_351' title='bbox 943 4287 1047 4339; x_wconf 87' lang='lat' dir='ltr'><strong>accersi</strong></span> <span class='ocrx_word' id='word_1_352' title='bbox 1062 4289 1087 4338; x_wconf 77' lang='lat' dir='ltr'><strong>a</strong></span> <span class='ocrx_word' id='word_1_353' title='bbox 1107 4285 1179 4354; x_wconf 74' lang='lat' dir='ltr'><strong>(siri</strong></span> <span class='ocrx_word' id='word_1_354' title='bbox 1195 4283 1241 4355; x_wconf 70' lang='grc' dir='ltr'><strong>ρ’)</strong></span> <span class='ocrx_word' id='word_1_355' title='bbox 1319 4284 1432 4352; x_wconf 84' lang='lat' dir='ltr'><strong>utrique</strong></span> 
     </span>
     <span class='ocr_line' id='line_1_41' title="bbox 283 4361 1431 4436; baseline 0 -19"><span class='ocrx_word' id='word_1_356' title='bbox 283 4362 372 4417; x_wconf 81' lang='lat' dir='ltr'><strong>Putat</strong></span> <span class='ocrx_word' id='word_1_357' title='bbox 446 4367 478 4415; x_wconf 85' lang='grc'><strong>18</strong></span> <span class='ocrx_word' id='word_1_358' title='bbox 498 4361 614 4416; x_wconf 83' lang='lat' dir='ltr'><strong>exitium</strong></span> <span class='ocrx_word' id='word_1_359' title='bbox 631 4364 695 4418; x_wconf 77' lang='lat' dir='ltr'><strong>Get</strong></span> <span class='ocrx_word' id='word_1_360' title='bbox 709 4365 742 4420; x_wconf 70' lang='lat' dir='ltr'><strong>S*</strong></span> <span class='ocrx_word' id='word_1_361' title='bbox 756 4383 810 4434; x_wconf 78' lang='lat' dir='ltr'><strong>pro</strong></span> <span class='ocrx_word' id='word_1_362' title='bbox 828 4384 855 4420; x_wconf 86' lang='lat' dir='ltr'><strong>n.</strong></span> <span class='ocrx_word' id='word_1_363' title='bbox 872 4367 887 4420; x_wconf 88' lang='lat' dir='ltr'><strong>t.</strong></span> <span class='ocrx_word' id='word_1_364' title='bbox 903 4367 1063 4435; x_wconf 72' lang='lat' dir='ltr'><strong>(Bennett),</strong></span> <span class='ocrx_word' id='word_1_365' title='bbox 1083 4365 1190 4419; x_wconf 85' lang='lat' dir='ltr'><strong>exitum</strong></span> <span class='ocrx_word' id='word_1_366' title='bbox 1208 4366 1255 4419; x_wconf 87' lang='lat' dir='ltr'><strong>ret.</strong></span> <span class='ocrx_word' id='word_1_367' title='bbox 1329 4369 1361 4417; x_wconf 84' lang='lat'><strong>19</strong></span> <span class='ocrx_word' id='word_1_368' title='bbox 1382 4365 1431 4436; x_wconf 86' lang='lat' dir='ltr'><strong>ad]</strong></span> 
     </span>
     <span class='ocr_line' id='line_1_42' title="bbox 283 4443 1431 4516; baseline 0.004 -22"><span class='ocrx_word' id='word_1_369' title='bbox 283 4444 360 4496; x_wconf 90' lang='lat' dir='ltr'><strong>etM</strong></span> <span class='ocrx_word' id='word_1_370' title='bbox 413 4446 446 4494; x_wconf 89' lang='grc'><strong>20</strong></span> <span class='ocrx_word' id='word_1_371' title='bbox 461 4443 915 4514; x_wconf 68' lang='lat' dir='ltr'><strong>pandantariaprandatamm</strong></span> <span class='ocrx_word' id='word_1_372' title='bbox 925 4447 1001 4516; x_wconf 63' lang='lat'>11¹9,</span> <span class='ocrx_word' id='word_1_373' title='bbox 1010 4447 1127 4499; x_wconf 90' lang='lat' dir='ltr'><strong>-tarium</strong></span> <span class='ocrx_word' id='word_1_374' title='bbox 1137 4445 1207 4499; x_wconf 80' lang='lat' dir='ltr'><strong>H&#39;R</strong></span> <span class='ocrx_word' id='word_1_375' title='bbox 1261 4451 1293 4498; x_wconf 86' lang='grc'><strong>22</strong></span> <span class='ocrx_word' id='word_1_376' title='bbox 1309 4443 1431 4499; x_wconf 85' lang='lat' dir='ltr'><strong>deducto</strong></span> 
     </span>
     <span class='ocr_line' id='line_1_43' title="bbox 289 4523 1273 4597; baseline 0.004 -21"><span class='ocrx_word' id='word_1_377' title='bbox 289 4523 392 4592; x_wconf 75' lang='lat' dir='ltr'><strong><em>VLPQ</em></strong></span> <span class='ocrx_word' id='word_1_378' title='bbox 463 4528 497 4574; x_wconf 90' lang='grc'><strong>24</strong></span> <span class='ocrx_word' id='word_1_379' title='bbox 516 4523 669 4578; x_wconf 89' lang='lat' dir='ltr'><strong>insectatus</strong></span> <span class='ocrx_word' id='word_1_380' title='bbox 689 4528 731 4578; x_wconf 89' lang='lat' dir='ltr'><strong>est</strong></span> <span class='ocrx_word' id='word_1_381' title='bbox 751 4530 775 4579; x_wconf 76' lang='grc' dir='ltr'><strong><em>Τ</em></strong></span> <span class='ocrx_word' id='word_1_382' title='bbox 793 4529 873 4596; x_wconf 85' lang='lat' dir='ltr'><strong>(edd.)</strong></span> <span class='ocrx_word' id='word_1_383' title='bbox 946 4532 980 4579; x_wconf 91' lang='grc'><strong>25</strong></span> <span class='ocrx_word' id='word_1_384' title='bbox 1000 4528 1138 4580; x_wconf 84' lang='lat' dir='ltr'><strong>sanxisset</strong></span> <span class='ocrx_word' id='word_1_385' title='bbox 1156 4525 1273 4597; x_wconf 80' lang='lat' dir='ltr'><strong>Bentley</strong></span> 
     </span>
    </p>
   </div>
   <div class='ocr_carea' id='block_1_7' title="bbox 0 0 1588 5106">
    <p class='ocr_par' dir='ltr' id='par_1_7' title="bbox 0 0 1588 5106">
     <span class='ocr_line' id='line_1_44' title="bbox 0 0 1588 5106; baseline 0 0"><span class='ocrx_word' id='word_1_386' title='bbox 0 0 1588 5106; x_wconf 95' lang='lat' dir='ltr'><strong> </strong></span> 
     </span>
    </p>
   </div>
  </div>
 </body>
</html>
