3142 5112
500 370 609 426 DIVVS
628 369 819 426 AVGVSTVS
839 382 905 432 [rur.
922 383 1008 432 rs-ea]
1268 370 1327 436 101

178 532 282 598 calida
304 535 449 598 fomenta
471 556 536 599 non
561 534 747 618 proderant,
770 534 895 620 frigidis
921 533 1023 598 curari
1047 538 1177 599 coactus
1200 537 1330 598 auctore

176 640 321 705 Antonio
345 639 446 706 Musa.

269 746 429 825 Quasdam
459 751 492 811 et
519 747 753 812 anniuersarias
781 767 817 811 ac
845 751 990 832 tempore
1019 751 1105 812 certo
1129 751 1364 814 recurrentes-2

177 853 416 938 experiebatur;
443 875 518 918 nam
547 853 606 918 sub
634 855 774 918 natalem
804 876 897 918 suum
925 854 1115 938 plerumque
1141 854 1330 940 languebat,

147 965 212 1025 set
235 961 328 1025 initio
352 961 437 1025 ueris
460 961 720 1043 praecordiorum
739 959 905 1024 inflatione
923 960 1152 1045 temptabatur,
1176 963 1329 1026 austrinis

175 1072 283 1131 autem
312 1066 559 1150 tempestatibus
587 1066 769 1151 grauedine.
812 1088 910 1150 quare
941 1071 1092 1150 quassato
1120 1089 1253 1152 corpore
1276 1090 1330 1134 ne·

175 1195 239 1256 que
268 1174 391 1258 frigora
420 1194 524 1258 usque
554 1178 660 1237 aestus
690 1171 785 1238 facile
815 1173 981 1238 tolerabat.
1029 1174 1134 1238 hieme
1165 1171 1382 1256 quaternis82

174 1301 249 1343 cum
279 1280 393 1366 pingui
425 1284 502 1366 toga
530 1279 647 1344 tunicis
676 1283 708 1344 et
733 1279 889 1344 subucula
917 1280 992 1364 e<t>
1016 1279 1147 1346 thorace
1174 1282 1268 1345 laneo
1297 1285 1329 1346 et

173 1386 383 1451 feminalibus
411 1390 444 1450 et
468 1385 634 1451 tibialibus
658 1385 875 1471 muniebatur,
900 1389 1020 1451 aestate
1044 1387 1164 1472 apertis
1187 1387 1328 1451 cubiculi

129 1493 301 1558 rosoribus
325 1515 361 1556 ao
384 1514 478 1576 saepe
502 1492 537 1558 in
554 1492 710 1578 peristylo
736 1493 869 1556 saliente
892 1514 975 1576 aqua
993 1497 1090 1576 atque
1109 1493 1206 1558 etiam
1226 1494 1328 1558 uenti-

173 1602 263 1665 lante
291 1601 399 1683 aliquo
430 1598 576 1664 cubabat.
619 1600 696 1664 solis
720 1621 798 1664 uero
822 1622 862 1664 ne
884 1598 1012 1664 hiberni
1041 1600 1169 1682 quidem
1193 1600 1329 1684 patiens,

174 1706 264 1770 domi
289 1727 419 1790 quoque
436 1728 503 1770 non
521 1705 584 1770 nisi
602 1709 766 1790 petasatus
787 1706 846 1770 sub
866 1706 941 1770 diuo
968 1706 1177 1790 spatiabatur.
1213 1707 1329 1772 itinera

73 1893 74 1896 Ἴ
172 1813 291 1878 lectica
321 1817 353 1876 et
382 1812 533 1878 noctibus
562 1813 629 1877 fere
659 1833 760 1896 eaque
790 1814 877 1877 lenta
901 1833 937 1876 ao
965 1813 1090 1876 minuta
1112 1811 1265 1890 faciebat,
1292 1818 1329 1878 ut

173 1920 348 1984 Praeneste
376 1921 429 1984 uel
456 1919 558 1984 Tibur
590 1918 688 1985 biduo
716 1919 916 2003 procederet,
948 1919 985 1984 ae
1013 1921 1039 1982 si
1068 1940 1131 2003 quo
1162 1921 1328 2004 peruenire

130 2050 156 2090 rs
173 2027 259 2090 mari
286 2033 408 2110 posset,
435 2026 545 2110 potius
576 2025 761 2112 nauigabat.
807 2047 919 2090 uerum
951 2029 1075 2089 tautam
1107 2027 1361 2091 infirmitatema

173 2154 294 2219 magna
317 2155 393 2197 cura
415 2133 580 2215 tuebatur,
609 2133 642 2196 in
665 2133 779 2217 primis
802 2131 933 2196 lauandi
956 2133 1100 2216 raritate3
1123 2132 1328 2216 unguebatur

172 2240 262 2306 enim
286 2240 412 2324 saepius
436 2243 492 2304 aut
515 2239 651 2304 sudabat
674 2239 714 2303 ad
737 2239 914 2322 flammam,
938 2239 1052 2304 deinde
1076 2238 1328 2322 perfundebatur

172 2347 301 2432 egelida
324 2369 407 2430 aqua
430 2348 482 2411 uel
506 2348 573 2412 sole
597 2346 699 2411 multo
724 2345 890 2430 tepefacta.
932 2351 966 2410 at
987 2347 1135 2430 quotiens
1154 2368 1326 2410 neruorum

172 2475 272 2518 causa
302 2453 435 2518 morinis
467 2451 659 2538 Albulisque
691 2451 802 2518 calidis
834 2453 990 2518 utendum
1023 2457 1120 2537 esset,
1158 2456 1327 2518 contentus
1429 2497 1431 2504 ‹

129 2584 157 2622 ao
172 2561 239 2625 hoc
262 2565 330 2625 erat
354 2565 390 2624 ut
412 2560 552 2625 insidens
576 2561 683 2646 ligneo
708 2559 799 2643 solio,
824 2559 910 2643 quod
933 2561 1002 2643 ipse
1025 2557 1202 2644 Hispanico
1226 2558 1327 2622 uerbo

171 2668 322 2732 duretam
347 2667 493 2750 uocabat,
516 2688 630 2732 manus
655 2688 691 2730 ac
714 2666 811 2751 pedes
835 2667 966 2731 alternis
989 2667 1130 2731 iactaret.

264 2773 520 2838 Exercitationes
554 2776 747 2856 campestres
780 2793 935 2855 equorum
964 2777 997 2837 et
1024 2793 1185 2836 armorum
1214 2770 1379 2838 statiu183

171 2885 250 2964 post
285 2880 394 2944 ciuilia
424 2881 509 2944 bella
539 2879 648 2944 omisit
678 2883 710 2944 et
740 2880 781 2943 ad
810 2878 910 2963 pilam
945 2880 1050 2963 primo
1080 2879 1327 2963 folliculumque

170 2987 312 3070 transiit,
335 3008 410 3054 mox
434 2987 518 3052 nihil
539 2986 626 3053 aliud
650 3008 747 3069 quam
767 2985 955 3051 uectabatur
973 2991 1005 3050 et
1024 2987 1259 3070 deambulabat,
1282 2985 1328 3050 ita
1421 2988 1426 2998 '

128 3125 156 3164 25
172 3097 213 3158 ut
237 3094 271 3157 in
295 3095 445 3160 extremis
474 3094 586 3180 spatiis
615 3091 785 3158 subsultim
810 3092 991 3158 decurreret
1014 3094 1179 3160 †sestertio
1203 3096 1256 3158 uel
1281 3096 1327 3157 lo-

248 3337 332 3400 lsqq.
354 3332 492 3386 Eiuburd.
508 3335 545 3386 23
564 3348 597 3384 ex
616 3327 739 3400 pellibus
758 3331 872 3384 thorace
893 3331 1019 3384 confecto
1034 3330 1164 3384 humeros
1179 3347 1212 3386 ao
1227 3333 1326 3400 pectus

170 3411 268 3465 hieme
293 3411 480 3466 muniebatur.
523 3413 588 3466 ibid.
613 3411 795 3466 feminalibus
818 3410 900 3464 lineis
923 3410 1107 3478 induebatur,
1131 3411 1232 3465 deinde
1252 3411 1326 3464 tuni-

172 3509 237 3546 cam
259 3534 264 3544 .
282 3533 287 3543 .
305 3533 309 3544 .
331 3493 359 3544 et
377 3491 498 3545 tibialia.

248 3719 263 3765 3
282 3713 472 3767 uniuersarias
489 3715 524 3768 M
528 3713 543 3778 ¹,
564 3713 755 3766 anniuersario
771 3716 831 3775 (cert.
848 3730 881 3767 ao
899 3721 924 3768 et
942 3716 1028 3784 certo)
1044 3715 1069 3770 G
1143 3719 1158 3766 b
1177 3713 1326 3784 grauidine

174 3797 210 3849 M
215 3794 279 3863 ¹⁶¹0
351 3793 449 3864 quare]
470 3794 563 3860 quadis
580 3793 627 3847 M²
705 3801 720 3846 8
744 3793 898 3848 subuculas
917 3793 966 3860 (-le
987 3794 1102 3864 GRST)
1126 3794 1240 3848 thorace
1260 3797 1326 3862 (tor-

173 3875 243 3942 LT)
255 3877 294 3939 a,
313 3889 380 3928 corr.
397 3875 554 3928 Beroaldus
626 3879 641 3926 9
662 3873 804 3943 adapertis
825 3875 872 3942 (da
891 3876 922 3926 iu
936 3893 999 3940 rna,
1019 3877 1031 3927 t
1045 3892 1078 3928 ca
1093 3892 1105 3928 s
1120 3891 1186 3930 corr.
1203 3892 1236 3927 ru.
1254 3877 1279 3942 1)
1292 3875 1327 3938 G,

172 3953 250 4023 aptis
274 3955 309 4021 (et
327 3961 384 4007 tum
404 3952 501 4022 cubili)
522 3955 548 4007 V
618 3959 650 4005 10
670 3953 771 4022 imperi
790 3953 856 4007 stilo
872 3957 909 4009 M
913 3955 950 4024 ¹Q
973 3955 1095 4024 (imperii
1119 3954 1184 4008 stilo
1206 3957 1272 4024 M²)‚
1296 3955 1326 4008 in

171 4033 303 4102 peristilo
319 4032 415 4102 (stulu
433 4034 467 4098 G,
486 4033 576 4086 -stillo
594 4035 630 4102 Τ)
651 4034 696 4087 rel.
762 4039 794 4086 12
815 4052 926 4102 quoque
941 4052 991 4089 orn.
1010 4035 1034 4088 G
1098 4037 1258 4104 petassatus
1279 4037 1326 4104 (sic

172 4115 256 4168 etiam
274 4116 309 4182 T)
329 4121 354 4167 et
372 4131 405 4167 ss.
426 4113 631 4182 discoopertus
648 4115 674 4167 V
740 4119 772 4167 13
792 4117 821 4168 et
836 4121 898 4182 post
917 4131 1006 4182 eaque
1021 4115 1084 4169 add.
1102 4115 1128 4169 G
1197 4121 1230 4168 14
1248 4114 1327 4168 tibur

177 4197 209 4260 T,
231 4192 320 4246 tiburi
339 4195 392 4262 (ty-
414 4193 472 4263 GS)
497 4192 597 4248 MGX‘
619 4193 706 4262 (tibur
724 4193 822 4248 ibiduo
849 4197 895 4264 V),
919 4197 983 4248 iude
1006 4196 1036 4248 in
1059 4195 1145 4249 biduo
1169 4198 1327 4264 suspicatur·

113 4268 118 4276 ’
175 4273 247 4328 Ocu.
307 4279 339 4328 16
355 4274 383 4327 iu
404 4291 453 4328 om.
476 4275 614 4328 MGVLo
668 4275 822 4342 primumd
879 4281 910 4329 17
931 4277 992 4346 aut]
1012 4279 1044 4330 ut
1065 4275 1096 4346 Q,
1115 4279 1179 4335 ers
1236 4279 1326 4347 lssat}

174 4355 226 4408 aut
245 4355 318 4410 Rosa
337 4353 393 4424 (uf)
473 4361 504 4408 lu
525 4354 625 4407 calidis
645 4354 804 4423 albulisque
827 4358 903 4411 Torr.
978 4361 1011 4409 23
1030 4355 1131 4427 pilam]
1151 4357 1271 4426 primum
1292 4359 1328 4412 M

174 4440 209 4488 25
229 4433 258 4487 in
278 4451 328 4488 om.
341 4433 421 4488 ΡΟΤ
490 4435 619 4488 sestertio
639 4434 704 4503 (cio
726 4436 833 4504 GQRS,
853 4436 908 4489 ises
928 4437 1015 4491 tercio
1035 4437 1070 4503 L,
1089 4436 1221 4491 sestertio
1240 4440 1275 4508 T)
1291 4441 1328 4497 a,

174 4517 300 4584 segestro
322 4515 462 4580 Calauius,
482 4514 617 4584 segestria
638 4516 710 4571 notu
