3142 5112
440 313 549 368 DlVVS
567 313 758 369 AVGVSTVS
777 325 843 374 [car.
858 325 946 374 ’.η-96]
1205 314 1267 378 111

112 479 241 563 pudore
262 501 304 542 ne
326 477 434 542 minor
457 478 663 542 inueniretur.
706 499 769 560 qua
792 481 901 544 amon
924 481 998 562 post
1018 475 1137 541 multas
1155 477 1269 542 adhor-

113 586 257 649 tationes
281 584 336 648 uix
360 589 392 648 et
416 588 604 650 cunctanter
632 584 717 649 edita
744 583 871 649 exiliuit
893 583 1081 670 Theogenes
1110 583 1268 648 adorauit-

114 715 181 775 que
215 713 296 755 eum.
341 695 465 755 tantam
498 713 573 754 mox
605 690 756 754 fiduciam
786 690 846 756 fati
875 688 1043 775 Augustus
1074 690 1200 772 habuit,
1233 694 1269 754 ut

113 799 228 862 thema
251 819 345 862 suum
368 797 553 883 uulgauerit
579 819 812 880 nummumque
839 801 1028 882 argenteum
1056 801 1134 862 nota
1156 796 1270 861 sideris

88 903 318 988 sCapricorni,
341 927 405 988 quo
429 909 523 970 natus
547 909 604 990 est,
627 905 827 988 percusserit.

209 1012 287 1076 Post
309 1033 420 1076 necem
441 1009 584 1076 Caesaris
608 1033 737 1076 reuerso
761 1011 801 1074 ab
821 1009 996 1096 Apollonia
1019 1015 1051 1075 et
1070 1008 1322 1098 ingredientetib

113 1142 155 1182 eo
181 1119 294 1183 urbem
318 1122 448 1202 repente
471 1117 594 1200 liquido
619 1140 655 1181 ac
679 1141 760 1202 puro
783 1140 894 1184 sereno
914 1120 1052 1182 circulus
1071 1119 1110 1182 ed
1129 1117 1269 1202 speciem

114 1225 265 1290 caelestis
289 1247 381 1289 arcus
406 1225 516 1290 orbem
541 1225 618 1290 solis
642 1225 756 1289 ambiit
779 1246 816 1290 ac
840 1225 974 1290 subinde
1001 1223 1103 1290 Iuliae
1126 1223 1269 1290 Caesaris

113 1333 206 1396 filiae
224 1331 458 1396 monimentum
478 1332 613 1396 fulmine
633 1333 733 1396 ictum
753 1337 809 1398 est.
847 1333 953 1416 primo
973 1338 1080 1398 autem
1100 1333 1269 1398 consulatu

72 1463 99 1502 ro
114 1445 150 1503 et
174 1439 344 1525 augurium
369 1439 508 1524 capienti
532 1439 700 1504 duodecim
724 1461 757 1502 se
780 1439 926 1504 uultures
950 1445 986 1504 ut
1004 1439 1146 1504 Romulo
1166 1442 1278 1520 osten-¹

113 1546 235 1610 derunt
264 1550 296 1609 et
325 1547 507 1610 immolanti
538 1546 682 1610 omnium
712 1546 917 1610 uictimarum
945 1547 1086 1610 iocinera
1116 1545 1270 1630 replicata

114 1653 311 1716 intrinsecus
340 1653 380 1716 ab
409 1653 474 1716 ima
496 1652 578 1716 fibra
606 1656 794 1736 paruerunt,
821 1653 948 1718 nemine
976 1655 1152 1737 peritorum
1176 1651 1271 1716 aliter

115 1760 296 1822 coiectante
320 1781 415 1841 quam
440 1758 524 1823 laeta
547 1781 604 1843 per
627 1760 706 1824 haec
729 1763 761 1822 st
783 1781 901 1846 magna
923 1760 1082 1844 portendi.

167 1859 174 1868 ’
209 1864 294 1942 Quin
318 1870 350 1929 et
372 1865 530 1930 bellorum
555 1868 697 1931 omnium
722 1871 857 1930 euentus
880 1873 953 1930 ante
976 1867 1162 1950 praesensit.
1196 1861 1322 1930 con-96

74 1973 229 2036 atraciis
253 1972 292 2036 ed
311 1971 490 2036 Bononiam
515 1972 761 2037 triumuirorum
785 1973 887 2057 copiis
910 1973 1019 2056 aquila
1038 1972 1177 2036 tentorio
1201 1972 1269 2035 eius

115 2077 328 2162 supersedens
357 2080 437 2143 duos
467 2101 582 2144 coruos
610 2079 686 2144 hinc
714 2084 746 2144 et
778 2079 852 2144 inde
880 2081 1064 2144 infestantis
1093 2079 1210 2142 afflixit
1238 2083 1270 2144 et

115 2186 156 2248 ad
186 2189 304 2248 terram
334 2185 436 2268 dedit,
462 2191 595 2251 notante
623 2188 711 2251 omni
740 2189 881 2251 exercitu
909 2187 1051 2250 futuram
1077 2186 1269 2268 quandoque

115 2293 203 2355 inter
227 2293 366 2378 collegas
400 2293 593 2358 discordiam
625 2294 722 2358 talem
755 2293 860 2376 qualis
894 2297 1003 2356 secuta
1035 2297 1096 2376 est,
1129 2293 1269 2374 at<que>

116 2400 239 2462 exitum
264 2399 493 2483 praesagiente.
534 2399 563 2481 <.
578 2449 585 2461 .
601 2399 629 2481 .>
644 2397 856 2482 Philipp0<s>
879 2397 1052 2464 Thessalus
1076 2399 1206 2484 quidam
1232 2399 1269 2462 dc

76 2506 230 2569 afutura
252 2507 388 2571 uictoria
407 2505 570 2570 nuntiauit
589 2510 719 2570 auctore
738 2505 825 2570 Diuo
846 2504 988 2588 Caesare,
1007 2507 1098 2570 cuius
1118 2506 1180 2570 sibi
1200 2527 1269 2590 spe-

117 2613 184 2676 cies
202 2613 316 2677 itinere
340 2615 413 2678 auio
438 2613 638 2679 occurrisset.

209 2717 301 2784 Circa
322 2719 488 2784 Perusiam
513 2720 669 2784 sacrificio
692 2741 758 2784 non
781 2721 889 2784 litanti
912 2742 985 2784 cum
1011 2719 1122 2804 augeri
1144 2719 1268 2784 hostias
1289 2731 1304 2776 2

117 2827 309 2909 imperasset
331 2847 369 2890 ac
393 2825 500 2890 subita
523 2826 691 2910 eruptione
714 2825 823 2891 hostes
848 2848 975 2890 omnem
1000 2827 1045 2890 rei
1064 2826 1192 2890 diuinae
1216 2849 1270 2910 ap-

115 2937 267 3015 paratum
298 2933 522 3016 abstulissent,
554 2933 702 2998 constitit
731 2933 816 2996 inter
845 2933 1045 3016 haruspices,
1077 2955 1158 3016 quae
1188 2933 1270 3017 peri-

77 3039 230 3102 cuculosa
261 3043 293 3102 ct
326 3039 458 3104 aduersa
491 3040 684 3104 sacrificanti
717 3039 905 3104 denuntiata
935 3043 1053 3121 essent,
1089 3044 1204 3104 cuncta
1236 3041 1271 3103 in

115 3147 208 3229 ipsos
231 3167 379 3210 recasura
403 3148 458 3231 qui
481 3151 555 3211 exta
578 3147 745 3231 haberent3
768 3167 873 3229 neque
896 3146 991 3210 aliter
1013 3146 1130 3210 euenit.
1167 3146 1270 3228 pridie

116 3273 216 3334 quem
236 3251 435 3318 Siciliensem
460 3275 601 3340 pugnam
626 3255 726 3318 classe
750 3252 975 3336 committeret,
999 3252 1216 3316 deambulanti
1237 3254 1270 3317 in

191 3471 206 3516 6
229 3465 303 3520 Ores.
316 3465 360 3520 VI
368 3469 447 3530 20,5
466 3482 532 3518 nam
551 3481 614 3518 cum
633 3465 755 3532 primum
775 3463 802 3518 C.
819 3463 936 3517 Caesare
956 3463 1096 3516 auunculo
1116 3480 1165 3516 suo
1184 3463 1270 3516 inter·

116 3544 193 3598 fecto
214 3559 248 3596 ex
265 3543 417 3612 Apollonia
435 3545 547 3598 rediens
566 3544 664 3597 urbem
683 3544 885 3613 ingrederetur,
905 3544 975 3597 hora
994 3543 1105 3596 circiter
1123 3543 1209 3596 tertia
1228 3559 1270 3596 re-

116 3626 203 3692 pente
222 3624 332 3692 liquido
351 3641 384 3678 ac
402 3641 472 3693 puro
492 3641 588 3678 sereno
606 3623 725 3677 circulus
745 3624 781 3677 ad
796 3625 918 3692 speciem
934 3623 1063 3677 caelestis
1078 3639 1157 3676 arcus
1173 3622 1269 3676 orbem

117 3705 186 3758 solis
206 3704 314 3758 ambiit.

190 3889 206 3936 2
227 3883 328 3936 exiluit
342 3882 486 3952 VLPHQ,
509 3881 567 3935 -liit
582 3882 610 3936 R
629 3882 673 3949 (cf.
690 3899 718 3950 p.
735 3885 834 3950 112,1)
918 3887 931 3934 7
953 3881 1056 3935 circulo
1130 3880 1227 3951 agleuti
1245 3880 1270 3933 G

120 3969 152 4016 10
172 3964 213 4033 st]
233 3962 259 4016 ei
275 3966 300 4016 Τ
318 3961 489 4032 (consulatus
509 3962 555 4015 die
565 3963 692 4031 Bentley)
758 3969 790 4014 12
802 3962 1039 4034 <ap>paruerunt
1049 3962 1173 4029 Bentley,
1186 3961 1270 4013 Mad-

117 4045 162 4114 vig
181 4042 239 4112 (ςὲ)
312 4049 345 4096 18
365 4046 450 4111 atque
470 4043 575 4096 exitum
598 4045 684 4108 Terin,
708 4045 738 4096 at
757 4042 802 4102 (ad
823 4043 859 4111 G)
879 4041 985 4096 exitum
1004 4042 1167 4110 (exercitum
1184 4042 1219 4109 V)
1235 4043 1270 4106 a,

118 4125 146 4177 et
165 4124 273 4178 exitum
293 4124 366 4178 Retia
453 4129 485 4176 19
506 4124 634 4177 asanaa
656 4124 754 4176 statuit
772 4125 857 4188 Boot,
880 4124 989 4190 coeptans
1013 4120 1091 4174 eunti
1115 4119 1271 4188 (accedenti

118 4206 161 4257 ael
179 4203 369 4272 proficiscenti
387 4203 531 4272 Brichcler)
555 4211 581 4257 et
603 4208 660 4255 tam
683 4201 888 4273 Philipp0<s>‚
912 4202 941 4254 in
960 4201 1100 4270 Philippis
1124 4203 1199 4270 aalp.
1220 4202 1270 4269 (ed.

119 4285 211 4338 Paris.
228 4302 253 4338 a.
265 4285 360 4352 1509),
381 4282 520 4352 Philippis
535 4284 575 4337 ed.
591 4285 666 4336 lant.
679 4287 750 4336 1510
764 4285 811 4348 at,
830 4282 906 4350 apud
921 4281 1066 4350 Philippos
1082 4281 1237 4336 Salmasius

119 4365 235 4432 quidem
249 4364 283 4430 G,
302 4364 439 4434 quiddam
457 4363 479 4418 S
549 4368 583 4415 20
602 4363 726 4416 futuram
741 4363 889 4415 uictoriam
904 4365 977 4416 Boot
1049 4367 1082 4414 22
1102 4360 1198 4414 litanti
1215 4359 1271 4428 Μ’,

118 4444 194 4497 litati
215 4444 304 4510 M¹G,
327 4443 410 4498 litato
429 4442 500 4510 X‘d,
517 4443 618 4497 litante
641 4443 777 4514 Nauia)
