3166 5106
591 373 758 429 TIBERIVS
777 387 843 436 [cia
858 387 946 436 es-ca]
1280 374 1340 438 157

192 539 295 602 strae
319 537 363 602 de
385 559 440 602 me
464 539 641 622 opinioni
664 539 806 622 eripiat
826 575 868 584 -—
891 538 991 602 nibil
1013 537 1172 603 honoris
1200 539 1343 603 adiciet

191 643 286 708 mibi
309 645 438 728 patria
460 645 688 729 appellati0,
715 645 827 709 uobis
851 649 975 709 autem
999 645 1254 728 exprobrabit
1277 651 1342 709 aut

190 752 455 815 temeritatem
482 751 602 816 delati
630 751 724 816 mihi
747 751 829 816 eius
858 751 1101 838 cognominis
1124 755 1190 816 ant
1213 753 1342 817 incon-

191 858 377 922 stantiam
401 859 589 923 contrarii
613 859 657 923 de
680 880 736 922 me
758 858 904 922 iudicii.

156 987 173 1028 a
282 961 424 1048 Corpore
451 965 514 1029 fuit
542 965 649 1049 amplo
678 969 775 1048 atque
799 965 948 1048 robusto,
972 969 1097 1029 statura
1120 987 1202 1048 quae
1225 963 1395 1030 iustam68

190 1071 371 1156 excederet3
399 1072 484 1136 latus
512 1072 552 1136 ab
581 1072 701 1136 umeris
729 1075 761 1135 et
784 1077 927 1156 pectore,
956 1072 1070 1136 ceteris
1095 1093 1223 1156 quoque
1245 1094 1342 1136 mem-

189 1178 259 1242 bris
291 1198 394 1261 usque
428 1179 468 1242 ad
501 1179 583 1244 imos
615 1178 713 1263 pedes
745 1177 888 1261 aequalis
921 1182 953 1242 et
986 1199 1180 1265 congruens,
1212 1179 1343 1244 sinistra

188 1307 288 1350 mauu
312 1283 447 1371 agiliore
475 1307 511 1350 ac
539 1285 708 1370 ualidiore,
737 1285 882 1350 articulis
906 1285 952 1349 ita
975 1285 1090 1370 firmis,
1118 1289 1155 1351 ut
1178 1307 1286 1350 recens
1311 1290 1343 1350 et
1406 1289 1419 1321 ⁹

188 1391 355 1478 integrum
388 1393 509 1457 malum
542 1393 646 1478 digito
679 1392 871 1475 terebraret,
909 1397 1005 1475 caput
1037 1393 1129 1476 pueri
1161 1392 1214 1456 uel
1246 1394 1343 1458 etiam

139 1523 173 1564 10
191 1497 547 1564 adulescentis'talitro
576 1487 767 1564 uulneraret.
814 1499 921 1564 colore
948 1502 1016 1564 erat
1043 1499 1193 1583 candido,
1223 1499 1376 1584 capillos
1422 1506 1442 1529 ⁹

189 1627 275 1691 pone
304 1607 493 1690 occipitium
527 1606 745 1671 summissiore
777 1609 814 1670 ut
847 1605 1005 1671 ceruicem
1037 1606 1135 1670 etiam
1168 1606 1342 1693 obtegeret,
1411 1631 1430 1652 υ

191 1713 278 1796 quod
301 1712 424 1799 gentile
451 1714 486 1776 in
509 1715 566 1778 illo
590 1713 774 1797 uidebatur3
805 1712 886 1777 facie
909 1713 1059 1798 honesta,
1085 1713 1120 1777 in
1149 1735 1212 1797 qna
1234 1718 1343 1778 tamen

191 1819 296 1885 crebri
324 1825 357 1884 et
385 1819 486 1884 subiti
513 1824 671 1906 tumores,
703 1841 775 1884 cum
804 1819 1058 1905 praegrandibus
1086 1818 1188 1885 oculis
1216 1824 1248 1884 et
1277 1822 1341 1904 qui,

189 1927 278 2010 quod
304 1927 424 1990 mirum
453 1931 550 2010 esset,
577 1930 677 1991 noctu
706 1927 803 1990 etiam
827 1925 914 1990 etin
938 1926 1080 1990 tenebris
1103 1925 1262 2010 uiderent,
1286 1927 1341 1991 sed

138 2054 172 2094 15
190 2034 230 2098 ad
254 2034 350 2098 breue
373 2039 405 2098 et
429 2055 501 2098 cum
525 2033 665 2117 primum
690 2055 706 2096 e
731 2054 843 2097 somno
863 2032 1056 2116 patuissent3
1079 2032 1192 2096 deinde
1211 2055 1339 2096 rursum

188 2140 411 2205 bebescebant.
449 2141 616 2204 incedebat
640 2141 763 2205 ceruice
782 2139 888 2224 rigida
906 2143 937 2202 et
957 2138 1097 2224 obstipa,
1115 2138 1253 2205 adducto
1273 2138 1340 2204 fero
1359 2155 1374 2200 3
1412 2158 1429 2187 *v

188 2245 293 2331 uultu,
330 2246 518 2330 plerumque
555 2248 687 2333 tacitae,
723 2245 813 2310 nullo
851 2251 907 2310 aut
939 2245 1104 2309 rarissimo
1138 2246 1234 2311 etiam
1267 2267 1340 2311 cum

188 2354 346 2438 proximis
375 2375 522 2418 sermone
550 2375 651 2436 eoque
679 2353 879 2444 tardissimo,
905 2370 963 2417 nec
991 2353 1059 2416 sine
1087 2353 1179 2417 molli
1202 2353 1339 2436 quadam

188 2460 364 2545 digitorum
397 2460 652 2546 gesticulatione.
704 2481 785 2543 quae
818 2461 926 2524 omnia
962 2459 1090 2544 ingrata
1121 2464 1219 2542 atqua
1254 2481 1340 2524 arro-

138 2567 318 2652 cogentiae
349 2569 445 2652 plena
477 2572 509 2631 et
542 2566 768 2631 animaduertit
795 2565 965 2653 Augustus
998 2567 1031 2630 in
1064 2588 1101 2630 eo
1130 2570 1162 2630 et
1190 2581 1340 2632 excusare

188 2674 363 2758 temptauit
382 2695 476 2758 saepe
495 2674 580 2757 apud
594 2677 741 2737 senatum
760 2695 797 2737 ao
815 2673 972 2757 populum
993 2673 1160 2758 professus
1178 2678 1339 2739 naturae

187 2780 288 2844 uitia
302 2801 397 2864 csse,
415 2803 491 2845 non
505 2781 630 2845 animi.
663 2780 841 2844 ualitudine
860 2781 1077 2864 prosperrima
1091 2802 1167 2846 usus
1183 2785 1240 2863 est,
1260 2785 1339 2845 tem-
1357 2793 1374 2840 4

187 2907 266 2971 pore
291 2887 419 2970 quidem
447 2887 650 2974 principatus
678 2907 779 2970 paene
806 2890 877 2951 toto
905 2908 1006 2971 prope
1029 2887 1161 2972 inlaesa,
1190 2890 1338 2972 quamuis

188 3017 206 3058 a
229 2995 393 3059 tricesimo
417 2995 532 3059 aetatis
557 3016 640 3058 anno
664 2995 823 3058 arbitratu
846 3016 916 3058 eam
940 3016 998 3060 suo
1022 2995 1141 3058 rexerit
1165 2995 1233 3058 sine
1251 2995 1337 3059 adiu·

138 3121 172 3162 aa
186 3105 297 3166 mento
322 3101 498 3166 consilioue
522 3101 726 3166 medicorum.

278 3207 371 3273 Circa
400 3208 476 3273 deos
507 3229 544 3272 ac
576 3208 749 3292 religiones
777 3207 1013 3293 neglegentior,
1042 3208 1162 3291 quippe
1190 3202 1391 3272 addictusda

186 3315 432 3379 mathematicae
455 3315 634 3399 plenusque
652 3314 869 3398 persuasionis
889 3319 1002 3378 cuncta
1021 3315 1089 3378 fato
1108 3315 1171 3400 agi,
1194 3313 1337 3378 tonitrua

186 3425 297 3486 tamen
319 3426 447 3507 praeter
470 3422 601 3486 modum
626 3420 858 3506 expauescebat
882 3424 915 3485 et
937 3421 1116 3485 turbatiore
1135 3421 1222 3484 caelo
1245 3441 1336 3485 num-

187 3549 285 3612 quam
316 3550 383 3592 non
416 3550 566 3594 coronam
594 3528 737 3592 lauream
766 3527 870 3612 capite
898 3528 1052 3612 gestauit,
1086 3527 1172 3610 quod
1203 3526 1336 3592 fulmine

141 3656 172 3696 ao
186 3635 292 3700 afflari
314 3638 450 3720 negetur
473 3635 506 3698 id
529 3655 629 3720 genus
653 3634 784 3699 frondis.
879 3696 885 3701 .

259 3843 274 3890 ὁ
286 3855 346 3906 sqq.
357 3837 496 3892 Einhard.
506 3841 544 3891 22
557 3853 672 3906 corpore
682 3836 737 3890 fuit
747 3836 840 3906 amplo
851 3839 936 3904 atque
946 3837 1071 3900 robusto,
1082 3838 1191 3889 statura
1201 3836 1337 3890 eminenti

187 3917 232 3986 (cf.
254 3917 311 3972 aaz.
327 3919 382 3986 50),
402 3934 475 3985 quae
489 3920 585 3972 tamen
600 3915 705 3971 iustam
719 3934 775 3971 non
790 3917 937 3971 excederet
952 3961 957 3971 .
970 3960 992 3972 ..
1008 3915 1097 3971 oculis
1111 3916 1336 3986 praegrandibus

187 3999 215 4066 (l.
230 4000 276 4066 13)
297 4013 330 4050 ac
348 3997 458 4067 uegetis
478 3997 523 4067 (cf.
539 3999 593 4052 Iul.
604 4001 649 4068 45)
666 4040 707 4052 ...
723 3997 834 4051 incessu
852 3997 931 4051 firmo
952 3999 979 4066 (l.
991 3999 1045 4065 16).

237 4228 239 4234 ,
259 4192 274 4238 2
294 4185 405 4254 patriae
420 4185 466 4250 P’,
486 4184 575 4253 patris
592 4188 623 4250 T,
647 4184 737 4254 patris
756 4183 867 4253 patriae
887 4202 903 4243 ς
922 4185 1023 4252 (Tora)
1106 4190 1121 4237 5
1140 4183 1196 4238 fuit
1210 4191 1274 4254 post
1291 4202 1335 4238 ro·

185 4266 270 4320 busto
288 4266 314 4320 G
369 4266 653 4334 11subcegeretXN
705 4271 738 4318 15
759 4280 886 4318 asomno
903 4264 964 4322 ll¹e
980 4265 1064 4332 (Rota
1080 4265 1127 4333 al.)
1184 4271 1216 4318 19
1237 4267 1334 4336 atque]

187 4347 283 4401 eser
352 4344 676 4414 21sepetemptauitG
750 4345 793 4414 ac]
810 4348 876 4398 etX
945 4349 978 4397 23
997 4361 1085 4414 prope
1100 4347 1149 4399 del.
1162 4345 1208 4411 1³²,
1223 4363 1273 4400 om.
1290 4347 1339 4400 ST

186 4425 220 4479 ‘ll
239 4424 421 4496 persuasione
438 4426 476 4491 G,
495 4424 724 4494 persuasionibus
740 4424 809 4478 ΠἘ
873 4430 906 4478 29
926 4426 1059 4494 gestabat
1078 4427 1142 4480 HN
1208 4431 1241 4478 30
1260 4425 1335 4480 fron-

187 4506 242 4578 dis]
263 4505 371 4560 arboris
388 4506 413 4559 G
