3136 5100
256 325 324 388 214
513 324 517 332 ’
606 325 634 379 C.
654 325 811 380 SVETONI
830 325 1052 390 TRANQVILLI

257 487 371 552 simam
395 492 515 552 turrem
540 489 771 572 inexemplum
793 487 1003 553 Alexandrini
1026 489 1132 572 Phari,
1156 494 1192 553 ut
1215 489 1256 552 ad
1279 493 1397 553 noctur-

256 615 315 658 nos
339 595 430 680 ignes
454 617 581 660 cursum
606 595 735 681 nauigia
758 580 939 680 dirigerent.

202 697 261 766 21.
347 699 520 786 Congiaria
549 701 678 785 populo·
701 702 827 784 saepius
857 701 1031 767 distribuit.
1074 702 1254 786 spectacula
1279 723 1399 786 quoque

256 806 422 891 complura
450 811 482 870 et
510 807 682 894 magnifica
710 808 824 892 edidit,
857 830 922 873 uon
954 808 1083 873 usitata¹
1106 810 1203 873 modo
1231 830 1269 873 ac
1301 808 1400 872 solitis

255 912 345 996 locis,
374 914 429 977 sed
457 917 488 977 εὴ
517 913 741 978 commenticia
768 918 800 978 et
827 935 866 977 ex
894 914 1087 1000 antiquitate
1115 914 1265 1000 repetita,
1294 920 1326 979 et
1349 915 1434 978 ubis

256 1025 419 1106 praeterea
441 1042 535 1084 nemo
555 1024 629 1084 ante
649 1042 729 1085 eum.
762 1020 857 1084 ludos
876 1020 1087 1085 dedicationis
1106 1019 1296 1104 Pompeiani
1315 1021 1399 1084 thea-

178 1177 180 1182 .
256 1127 313 1211 tri,
341 1128 428 1211 quod
450 1127 635 1190 ambustum
659 1127 859 1212 restituerat,
886 1148 903 1190 e
926 1127 1082 1191 tribunali
1106 1127 1211 1210 posito
1235 1128 1271 1192 in
1295 1128 1403 1192 orche-

255 1238 323 1298 stra
347 1234 517 1317 commisit,
543 1255 614 1297 cum
639 1235 730 1317 prius
754 1235 839 1317 apud
863 1233 1043 1317 superiores
1072 1234 1165 1298 aedes
1193 1234 1405 1319 supplicasset

254 1361 375 1425 perque
416 1340 555 1404 mediam
597 1361 726 1405 caueam
768 1340 952 1405 sedentibus
989 1362 1026 1404 ac
1068 1339 1238 1405 silentibus
1282 1341 1404 1404 cunctis

220 1446 478 1511 adescendisset.
527 1447 604 1510 lecit
638 1451 669 1510 et
700 1448 889 1532 saeculares,
921 1450 1013 1531 quasi
1043 1447 1235 1531 anticipatos
1272 1448 1313 1511 ab
1342 1446 1405 1512 Au·
1420 1473 1441 1510 ιο

256 1558 354 1640 gusto
377 1575 436 1617 nec
458 1553 606 1639 legitimo
626 1554 764 1638 tempori
783 1558 974 1639 reseruatos,
998 1554 1146 1638 quamuis
1165 1553 1234 1638 ipse
1253 1555 1288 1617 in
1307 1553 1406 1618 histo·

255 1659 313 1723 riis
341 1660 408 1723 suis
432 1660 560 1744 prodat,
589 1660 791 1724 intermissos
819 1682 873 1724 eos
897 1660 1083 1747 Augustum
1106 1660 1209 1724 multo
1238 1666 1313 1745 post
1338 1661 1405 1724 dili-

256 1766 445 1853 gentissime
474 1789 631 1832 annorum
660 1768 784 1832 ratione
812 1768 969 1831 subducta
999 1767 1032 1830 in
1061 1767 1206 1831 ordinem
1235 1767 1403 1854 redegisse.

259 1895 359 1957 quare
373 1895 437 1937 uox
446 1873 614 1958 praeconis
629 1874 723 1938 irrisa
734 1878 783 1938 est
797 1874 966 1938 inuitantis
981 1895 1071 1938 more
1087 1873 1235 1938 sollemni
1250 1874 1290 1939 ad
1303 1874 1404 1958 ludos,

257 2002 351 2064 quos
374 2003 442 2045 nec
465 1984 679 2066 spectasset
703 1981 905 2064 quisquam
928 2001 996 2044 nec
1020 1984 1267 2064 spectaturus
1291 1987 1403 2065 esset,
1417 2004 1437 2041 u

256 2109 329 2151 cunr
354 2093 558 2172 superessent
581 2087 685 2152 adhuc
709 2087 765 2170 qui
794 2091 1030 2171 spectauerant,
1058 2092 1090 2150 et
1118 2087 1248 2170 quidam
1277 2087 1403 2152 histrio-

255 2217 333 2258 num
366 2196 515 2278 producti
549 2195 626 2259 olim
659 2199 736 2258 tunc
773 2215 902 2278 quoque
937 2194 1197 2277 producerentur.
1249 2193 1402 2258 circenses

256 2301 441 2384 frequenter
468 2302 564 2366 etiam
593 2302 625 2364 in
651 2301 808 2364 Vaticano
837 2301 1012 2384 commisit,
1039 2319 1282 2384 nonnumquam
1310 2301 1401 2364 inter-

221 2407 338 2472 eiecta
361 2430 418 2491 per
441 2409 557 2492 quinos
581 2409 699 2471 missus
726 2408 905 2472 uenatione.
946 2407 1030 2472 circo
1054 2429 1131 2470 uero
1160 2407 1301 2471 maximo
1324 2430 1401 2470 mar-

255 2514 375 2578 moreis
404 2514 585 2581 carceribus
614 2514 799 2598 auratisque
826 2514 935 2598 metis,
968 2535 1048 2597 quae
1078 2517 1214 2598 utraque
1244 2520 1276 2578 et
1306 2514 1402 2578 tofina
1410 2535 1432 2574 ac

257 2642 293 2683 ac
316 2620 425 2706 lignea
448 2625 541 2684 antea
560 2621 696 2704 fuerant,
720 2619 847 2685 exculto
865 2620 997 2704 propria
1015 2621 1217 2684 senatoribus
1237 2621 1402 2685 constituit

252 2726 326 2790 loca
354 2727 536 2810 promiscue
565 2732 708 2811 spectare
737 2727 856 2811 solitis,
889 2749 926 2790 ac
959 2748 1055 2810 super
1083 2728 1313 2814 quadrigarum
1341 2748 1401 2790 cer·

257 2833 380 2897 taurina
404 2832 518 2898 Troiae
541 2834 648 2897 lusum
673 2834 820 2897 exhibuit
839 2838 872 2896 et
890 2832 1069 2917 Africanae,
1092 2834 1280 2899 conficiente
1299 2838 1401 2898 turma

257 2940 404 3023 equitum
427 2942 720 3024 praetorianorum,
748 2941 882 3004 ducibus
909 2941 1048 3004 tribunis
1071 2942 1207 3024 ipsoque
1229 2941 1402 3024 praefecto3

253 3051 419 3130 praeterea
442 3046 613 3111 Thessalos
637 3048 774 3130 equites,
798 3047 854 3131 qui
878 3047 963 3110 feros
987 3050 1097 3110 tauros
1119 3069 1178 3130 per
1201 3047 1305 3130 spatia
1329 3047 1400 3110 circi
1415 3067 1436 3106 n

256 3158 358 3239 agunt
382 3155 592 3238 insiliuntque
617 3154 758 3217 defessos
788 3157 819 3216 et
843 3154 883 3216 ad
907 3157 1024 3216 terram
1049 3153 1200 3217 cornibus
1225 3154 1401 3218 detrahunt.

222 3275 238 3323 4
348 3259 545 3324 Gladiatoria
572 3283 705 3324 munera
732 3259 934 3343 plurifariam
964 3283 1002 3325 ac
1024 3260 1217 3344 multiplicia
1244 3259 1402 3324 exhibuit:

256 3369 511 3431 anniuersarium
540 3368 573 3431 in
602 3368 716 3431 castris
743 3367 956 3450 praetorianis
987 3368 1055 3430 sine
1078 3367 1250 3431 uenatione
1273 3389 1402 3451 appara-

254 3477 368 3556 tuque,
405 3476 525 3538 iustum
564 3478 660 3557 atque
692 3474 873 3559 legitimum
907 3475 940 3536 in
975 3472 1114 3558 Saeptis3
1150 3474 1270 3538 ibidem
1303 3479 1402 3538 extra-

255 3581 451 3644 ordinarium
476 3586 507 3644 et
530 3581 627 3644 breue
652 3581 838 3663 dierumque
861 3601 1046 3664 paucorum,
1070 3582 1220 3664 quodque
1243 3581 1402 3665 appellare
1415 3601 1439 3640 u

345 3753 377 3799 10
396 3747 430 3812 cf.
448 3748 537 3801 Victor
554 3748 706 3813 0ucs.4,14
719 3746 803 3799 huius
819 3763 891 3800 anno
907 3749 984 3800 sexto
1000 3789 1041 3800 ...
1058 3746 1308 3816 octingentesimus
1322 3748 1399 3800 urbis

253 3826 323 3878 mire
342 3826 507 3880 celebratus.

325 3971 459 4023 lturrim
471 3971 552 4041 GHQ
605 3969 813 4023 Alexandrinae
828 3969 991 4035 Beroaldus,
1005 3971 1068 4036 fort.
1083 3977 1150 4023 recte
1207 3969 1403 4039 eundern-12

254 4050 447 4105 3diromitG
506 4051 628 4120 Sapud]
649 4050 727 4104 adG
783 4055 815 4102 12
834 4050 936 4118 prodat
955 4049 1047 4103 onaG
1103 4055 1136 4101 15
1157 4052 1297 4119 spectasse
1314 4053 1350 4104 M

254 4131 532 4199 quisquam—esset
551 4148 600 4185 om.
618 4131 642 4184 G
727 4136 759 4183 19
780 4131 892 4198 depost
911 4129 1032 4182 maximo
1052 4131 1116 4183 cdd.
1134 4130 1160 4183 G·
1250 4136 1284 4183 20
1304 4133 1332 4183 et
1352 4132 1400 4184 dcl.

255 4212 374 4281 Modvc'q
393 4215 453 4280 (om.
469 4212 528 4278 ςὲ),
551 4212 614 4276 fort.
629 4218 696 4265 recte
814 4216 845 4262 21
868 4211 912 4280 ac]
936 4212 964 4262 et
982 4211 1006 4263 Τ
1021 4209 1153 4277 (adignea
1169 4210 1205 4262 M
1208 4211 1215 4240 ¹
1230 4217 1262 4264 ut
1279 4212 1350 4278 uid.)

255 4295 321 4344 ante
337 4294 370 4358 ea
381 4294 424 4357 M,
439 4295 504 4344 ante
524 4292 576 4360 QT
671 4297 704 4343 23
720 4290 855 4344 exhibuit.
876 4289 1011 4342 Exhibuit
1034 4291 1103 4342 ern
1201 4296 1234 4343 27
1255 4290 1403 4358 plurifaria

255 4371 379 4441 (pharia
397 4371 431 4440 S)
448 4372 563 4440 MXHQ
578 4374 636 4441 (a),
660 4370 817 4424 multifaria
839 4371 877 4436 G,
901 4377 969 4423 recte
983 4371 1032 4428 Rc
1133 4375 1166 4423 30
1190 4371 1344 4439 quodquod
1364 4372 1404 4436 M,

255 4453 394 4519 quotquot
410 4451 443 4518 G,
466 4453 540 4517 quod
555 4453 689 4505 Br'r'cbcler
761 4449 899 4519 appellari
909 4480 944 4488 —
954 4449 1080 4518 sportula
1096 4452 1210 4519 Lipsius
