3108 5102
283 325 349 391 350
629 327 657 381 C.
678 327 835 382 SVE'IONI
853 327 1078 393 TRANQVILLI

283 491 392 556 statim
433 489 553 554 uulnus
594 493 768 576 pugionem
810 493 944 575 puluino
982 493 1149 556 subditum
1186 494 1349 578 porrigere
1387 513 1423 556 ac

283 599 448 661 ministros
474 619 603 681 uocare,
630 620 734 682 neque
761 598 801 661 ad
829 603 925 682 caput
954 600 1130 682 quidquam
1154 605 1288 683 excepto
1313 599 1421 682 capulo

282 707 314 767 et
347 708 511 788 praeterea
544 705 652 769 clausa
687 707 794 769 omnia
826 706 1017 790 repperisse3
1049 712 1147 790 atque
1177 706 1270 770 illum
1301 708 1424 770 interim
1510 717 1511 756 ἐ

282 815 410 893 arrepto
429 810 630 893 deductoque
648 812 689 874 ad
707 814 826 875 terram
846 809 1009 895 Stephano
1030 813 1248 877 conluctatum
1270 813 1335 896 diu,
1354 813 1424 875 dnm
1510 809 1511 828 ¹

282 919 377 981 modo
414 917 534 982 ferrum
572 921 774 1001 extorquere,
810 918 906 982 modo
939 940 1123 1003 quanquam
1155 919 1286 984 laniatis
1320 919 1460 1004 digitiss

282 1026 391 1088 oculos
415 1025 553 1089 effodere
577 1028 719 1090 conatur.

246 1147 261 1195 3
371 1129 503 1196 Occisus
527 1136 576 1196 est
594 1129 697 1196 XIIII.
717 1131 787 1197 Kal.
808 1131 899 1197 Ootb.
918 1155 1002 1198 anno
1023 1134 1138 1197 aetatis
1158 1133 1425 1219 quadragensimo

281 1239 403 1322 quinto,
427 1239 553 1321 imperii
577 1239 690 1321 quinto
714 1239 846 1303 decimo.
893 1241 1029 1304 cadauer
1051 1241 1120 1304 eius
1144 1239 1297 1322 populari
1321 1237 1426 1303 sanda-

280 1346 345 1428 pila
373 1365 428 1428 per
456 1345 645 1429 uispillones
673 1350 877 1428 exportatum
900 1344 1026 1430 Phyllis
1050 1347 1160 1411 nutrix
1183 1347 1218 1410 in
1242 1345 1426 1410 suburbano

280 1474 337 1516 suo
360 1452 477 1515 Latina
499 1453 553 1515 uia
576 1452 752 1536 funerauit,
776 1454 831 1517 sed
855 1454 1006 1536 reliquias
1031 1453 1152 1537 templo
1172 1452 1307 1518 Flauiae
1326 1452 1426 1538 gentis
1439 1473 1462 1513 ιο

279 1558 361 1622 clam
392 1558 504 1623 intulit
535 1558 762 1642 cineribusque
785 1557 885 1623 Iuliae
913 1557 977 1622 Titi
1006 1560 1106 1642 filiae,
1138 1581 1235 1642 quam
1265 1563 1299 1624 et
1328 1561 1427 1642 ipsam
1510 1627 1511 1654 ¹

278 1665 438 1749 educarat,
462 1667 661 1730 conmiseuit.

226 1772 269 1838 18
372 1771 503 1837 Statura
530 1773 593 1836 fnit
620 1794 765 1858 procera,
801 1773 896 1837 uultu
926 1773 1072 1838 modesto
1103 1774 1297 1858 ruborisque
1326 1774 1428 1857 pleno,

283 1878 458 1965 grandibus
482 1877 591 1962 oculis,
615 1900 728 1944 uerum
752 1881 818 1944 acie
841 1879 1020 1966 hebetiore3
1047 1886 1212 1964 praeterea
1234 1882 1372 1964 pulcher
1394 1899 1427 1940 ae
1510 1869 1511 1910 l

282 1986 405 2069 decens,
433 1987 572 2051 maxime
600 1986 798 2069 minuente,
826 1992 858 2051 et
881 1987 1011 2070 quidem
1034 1991 1105 2052 toto
1130 2009 1265 2071 corpore
1289 1984 1462 2070 exceptisn
1510 2001 1511 2080 q

280 2092 426 2177 pedibus,
451 2115 590 2176 quorum
614 2091 733 2178 digitos
757 2093 969 2159 restrictiores
987 2093 1141 2179 habebat;
1165 2099 1279 2179 postea
1298 2091 1426 2159 caluitio

283 2221 412 2284 qnoque
442 2199 596 2264 deformis
624 2203 656 2262 et
684 2199 842 2264 obesitate
872 2200 995 2264 uentris
1023 2206 1056 2265 et
1085 2222 1215 2266 crunam
1238 2200 1428 2288 gracilitate,

352 2382 366 2428 7
386 2378 505 2444 Eutrop.
522 2376 662 2441 V1123,6
675 2375 838 2429 interfectus
858 2379 900 2429 est
916 2418 921 2428 .
938 2418 943 2429 .
960 2419 965 2428 .
981 2377 1012 2429 in
1024 2376 1135 2430 Palatio
1151 2395 1223 2431 anno
1239 2378 1344 2430 aetatis
1363 2391 1427 2443 qua-

277 2456 434 2524 dragesimo
455 2455 605 2524 (tricesimo
620 2455 706 2522 codd,
725 2463 792 2510 recte
806 2459 922 2525 Paean.)
938 2457 1045 2524 quinto,
1065 2457 1178 2524 imperii
1192 2458 1289 2526 quinto
1312 2456 1425 2510 decimo.

276 2536 358 2588 funus
378 2537 437 2590 eius
457 2553 520 2589 cum
543 2536 652 2606 ingenti
668 2537 803 2590 dedecore
817 2553 868 2605 per
884 2536 1049 2605 uispillones
1070 2536 1249 2605 (bispellones
1268 2541 1316 2592 ael
1333 2533 1424 2603 bispil·

276 2616 364 2670 liones
387 2616 445 2681 fere
467 2617 554 2684 codd.)
579 2619 756 2685 exportatum
781 2619 809 2670 et
832 2616 996 2686 ignobiliter
1019 2619 1061 2670 est
1089 2617 1231 2685 sepultum
1254 2620 1331 2686 (inde
1350 2616 1425 2670 Hier.

276 2698 367 2750 ebron.
378 2701 487 2750 (12112
501 2714 551 2766 per
564 2696 729 2764 uispillones
745 2696 909 2765 ignobiliter
925 2699 1087 2765 exportatus
1105 2715 1176 2751 anno
1194 2699 1295 2751 aetatis
1320 2695 1425 2761 xxxxv).

282 2776 373 2829 Victor
392 2775 466 2830 Caes.
482 2781 525 2841 11,
541 2779 558 2828 7
575 2792 680 2844 poenas
703 2776 758 2829 luit
776 2777 874 2844 quinto
897 2779 925 2830 et
943 2777 1157 2846 quadragesimo
1176 2778 1253 2831 uitae
1273 2795 1360 2845 anno,
1380 2775 1423 2826 do·

275 2856 437 2909 minationis
462 2856 573 2908 circiter
596 2856 694 2922 quinto
718 2857 835 2910 decimo.
874 2857 951 2925 Eptt.
967 2861 1061 2921 11,12
1080 2856 1272 2911 Domitianum
1292 2901 1298 2912 .
1316 2901 1322 2912 .
1339 2900 1345 2911 .
1364 2872 1423 2910 con·

275 2934 387 2989 fodiunt
405 2938 469 3004 post
488 2954 591 2988 annum
611 2937 740 3004 quintum
759 2939 787 2990 et
802 2937 1046 3007 quadragesimum
1065 2937 1150 2991 uitae.
1184 2943 1257 3004 11,1
1276 2934 1426 3008 imperauit

186 3010 189 3015 ’
276 3033 362 3070 annos
378 3017 545 3084 quindecim.
584 3017 675 3070 Victor
686 3017 761 3071 Caes.
776 3023 819 3082 11,
833 3022 851 3070 8
865 3019 977 3070 senatus
992 3016 1158 3086 gladiatoria
1171 3035 1248 3072 more
1262 3017 1347 3072 funus
1361 3013 1422 3068 ferri

276 3095 378 3164 (efferri
392 3096 481 3165 Epir.)
498 3138 504 3149 .
521 3138 526 3149 .
543 3139 548 3149 .
564 3097 689 3149 decreuit
709 3098 782 3164 (inde
796 3099 875 3164 Epit.
891 3101 998 3165 11,13).
1038 3096 1112 3151 Oros.
1134 3098 1196 3151 VII
1206 3103 1248 3164 10,
1265 3104 1280 3152 7
1296 3101 1340 3165 (cac
1354 3097 1422 3151 Suet.

275 3185 300 3231 et
321 3178 467 3246 Eutropio)
488 3177 566 3230 euius
593 3177 714 3230 cadauer
735 3175 865 3245 populari
891 3177 1039 3244 sandapila
1056 3195 1107 3245 per
1132 3177 1297 3246 uispillones
1322 3174 1420 3248 (uisph

274 3265 300 3312 et
317 3274 398 3325 uesp-
420 3258 476 3323 sere
502 3258 589 3325 codd.)
616 3258 793 3325 exportatum
817 3259 901 3325 atque
926 3257 1193 3326 ignominiosissime
1216 3258 1359 3327 sepultum
1383 3254 1422 3308 est

275 3339 349 3406 (inde
370 3339 447 3392 Ploc.
471 3338 550 3404 Corp.
572 3338 650 3407 pluas.
673 3338 719 3391 lat.
742 3339 824 3403 V97‚
844 3341 900 3406 23).
952 3338 1014 3390 VII
1031 3343 1111 3403 10,1
1136 3356 1186 3407 per
1207 3356 1294 3392 annos
1313 3359 1357 3393 xv.
1388 3333 1419 3400 cf·
1510 3369 1511 3392 r

274 3420 380 3472 Aeson.
390 3421 500 3483 258,12
511 3417 672 3484 quindecies
687 3417 778 3470 saeuis
792 3418 931 3486 potitur..
944 3460 949 3470 .
960 3418 1085 3470 habenis.
1147 3423 1179 3471 16
1195 3420 1300 3472 Aaron.
1314 3416 1420 3482 25112

274 3515 358 3564 quem
377 3497 488 3551 caluum
507 3497 579 3549 dixit
598 3515 648 3550 sua
667 3497 755 3551 ltoma
769 3497 916 3552 Neronem.
954 3499 1041 3553 Sobel.
1055 3500 1120 3552 Iaca.
1136 3504 1161 3559 4,
1176 3503 1213 3551 38
1231 3516 1297 3552 nam
1316 3501 1345 3552 et
1359 3498 1419 3551 Sue·

274 3578 367 3632 tonius
386 3578 471 3631 refert
490 3578 556 3643 quia
575 3576 671 3631 caluus
690 3576 753 3630 fuit.

345 3745 503 3800 tministro
519 3763 568 3799 suo
584 3762 677 3800 carere
692 3747 813 3800 L¹POT
873 3746 953 3817 dad]
967 3747 997 3799 in
1012 3747 1088 3802 PST
1148 3747 1356 3801 conluctantem
1369 3745 1415 3806 Le,

273 3825 328 3878 -nti
347 3827 371 3879 Τ
458 3827 536 3896 dum]
556 3829 617 3879 tum
631 3827 739 3892 LPOS,
754 3844 818 3880 cum
835 3828 864 3892 Τ,
884 3843 935 3880 om.
950 3835 1003 3882 oet.
1018 3828 1078 3880 edd.
1094 3829 1200 3895 aliquot
1213 3829 1244 3882 in
1258 3828 1356 3896 quibas
1373 3826 1417 3879 l6

273 3908 405 3960 conatum
429 3914 558 3961 senatur
584 3907 632 3975 (sic
648 3909 771 3976 prienam
792 3907 832 3960 ed.
852 3909 960 3961 Bonan.
982 3926 1008 3962 a.
1031 3910 1126 3975 1488),
1152 3910 1242 3962 neseio
1266 3925 1305 3961 an
1330 3907 1417 3961 uerius

274 3992 290 4039 6
318 3989 434 4039 conatur
460 3990 495 4052 Τ,
524 3989 655 4040 conatum
684 3988 729 4041 rel.
754 3994 779 4041 et
805 3988 845 4041 sic
876 4004 944 4041 corr.
969 3987 1010 4040 11²
1034 3989 1092 4056 (a),
1126 3990 1273 4042 conaretur
1305 3982 1411 4041 Ernesti

274 4071 289 4118 9
308 4066 467 4135 uispillonis
488 4068 570 4121 MGd
589 4069 629 4134 (ot
647 4069 678 4120 in
700 4068 726 4122 G
743 4085 778 4120 m.
794 4072 808 4119 1
833 4084 901 4122 corr.
921 4070 951 4122 in
971 4071 1031 4136 es),
1050 4067 1216 4136 uispillones
1241 4068 1363 4137 (iliones
1383 4064 1414 4130 Τ)

276 4147 384 4213 TLST,
402 4146 585 4215 uispalliones
601 4149 637 4212 P,
657 4147 826 4216 usspillones
854 4148 912 4201 edd.
937 4165 997 4201 cnm
1019 4149 1158 4204 Beroaldo
1255 4148 1359 4217 phyllis
1377 4159 1413 4212 ρς,

272 4226 382 4295 phyllix
399 4227 508 4295 (phylix
524 4227 657 4295 (111111-
674 4228 763 4297 XHQ)
774 4230 800 4280 a
852 4234 882 4279 11
899 4231 927 4280 et
944 4229 1034 4297 ipsam
1051 4246 1100 4282 om.
1119 4229 1150 4294 Τ,
1166 4229 1271 4298 etipsa
1284 4231 1357 4299 culp.
1370 4224 1414 4296 (ed.

273 4307 351 4360 Rom.
362 4309 407 4376 II)
472 4313 504 4360 12
525 4309 695 4361 educauerat
709 4309 776 4362 G¹T
793 4310 833 4376 (in
846 4309 870 4362 G
884 4325 952 4362 corr.
962 4311 1074 4377 munt.)
1143 4315 1176 4362 13
1195 4308 1304 4362 rubr-
1315 4314 1332 4364 5
1345 4308 1414 4361 acld

272 4387 426 4441 litterasue
436 4417 470 4426 -
481 4387 599 4454 rubrisq:
612 4389 653 4453 M,
673 4388 775 4441 rubeus
793 4388 939 4455 rubrisque
955 4390 972 4441 d
987 4392 1066 4457 (sequ.
1087 4388 1189 4457 plene),
1203 4388 1371 4458 puberisque
1384 4386 1412 4448 P,

272 4466 443 4534 pudorisque
455 4467 556 4519 OSTN
610 4473 641 4518 17
657 4485 767 4534 quoque
777 4485 827 4522 om.
839 4470 872 4534 P,
882 4485 969 4537 prope
979 4470 1095 4540 Bentley
1105 4471 1237 4537 (cf.Dem.
1249 4467 1413 4538 31133815)
