3108 5102
546 395 655 448 Dlvvs
674 393 779 448 TITVS
800 407 864 455 [err.
880 407 941 456 s-o]
1252 395 1316 459 331

166 580 279 624 caesos
293 579 329 623 ac
343 559 519 623 nouissime
534 558 699 623 traductos
713 581 771 641 per
786 558 1015 642 amphitheatri
1032 559 1184 623 harenam
1201 560 1318 643 partim

165 666 270 730 subici
300 688 337 732 ac
364 667 474 730 uenire
502 666 687 749 imperauit,
719 667 834 748 partim
864 666 898 728 in
926 667 1116 749 asperrimas
1140 665 1317 730 insularum

167 771 271 837 auehi.
308 777 409 856 utque
424 773 520 837 etiam
541 774 658 838 similia
678 772 805 856 quando
825 795 886 854 que
908 795 1042 837 ausuros
1062 776 1217 857 perpetuo
1233 794 1319 837 coer-

166 883 262 962 ceret,
293 881 398 944 uetuit
431 881 515 943 inter
543 884 648 944 cetera
676 879 715 943 de
744 880 852 943 eadem
882 902 915 943 re
945 879 1092 962 pluribus
1116 879 1241 966 legibus
1265 881 1318 964 agi

134 987 320 1069 squaeriue
344 986 382 1050 de
407 987 595 1069 cuiusquam
619 985 843 1050 defunctorum
869 989 955 1050 statu
979 986 1064 1050 ultra
1083 990 1187 1052 certos
1207 1008 1317 1051 annos.

256 1093 485 1158 Pontificatum
512 1094 687 1157 maximum
713 1094 784 1157 ideo
809 1115 842 1156 se
861 1095 1025 1177 professus
1044 1095 1186 1176 accipere
1205 1097 1242 1156 nt
1260 1117 1317 1178 pu·
1342 1093 1364 1160 9

166 1223 219 1264 ras
248 1203 391 1263 seruaret
417 1223 545 1282 manus,
574 1200 670 1264 fidem
695 1201 865 1283 praestitit,
888 1222 947 1264 nec
970 1205 1083 1265 auctor
1105 1200 1242 1285 posthac
1265 1222 1317 1264 cu-

165 1307 314 1391 iusquam
332 1309 419 1371 necis
438 1329 496 1372 nec
516 1306 671 1387 conscius,
696 1307 842 1390 quamuis
858 1308 1018 1372 interdum
1033 1307 1208 1372 ulciscendi
1223 1329 1318 1372 causa

165 1435 232 1478 non
254 1414 385 1497 deesset,
410 1414 463 1478 sed
488 1414 703 1498 periturum
728 1436 765 1478 se
788 1415 919 1498 potius
945 1436 1053 1498 quam
1077 1413 1317 1498 perditurum

120 1553 150 1591 10
166 1521 323 1584 adiurans.
369 1521 450 1584 duos
473 1520 602 1605 patricii
626 1521 751 1607 generis
776 1521 942 1586 conuictos
967 1522 1000 1584 in
1023 1521 1238 1586 adfectatione
1261 1522 1317 1585 im-

164 1628 247 1712 perii
270 1627 353 1691 nihil
373 1629 509 1711 amplius
531 1650 625 1711 quam
645 1632 681 1692 ut
705 1616 893 1692 desisterent
916 1629 1050 1711 monuit,
1074 1629 1190 1692 docens
1213 1629 1316 1712 prin-

166 1735 335 1818 cipatum
372 1735 453 1798 fato
488 1734 583 1819 dari,
626 1736 653 1798 si
686 1735 763 1818 quid
796 1738 960 1818 praeterea
992 1735 1209 1799 desiderarent
1243 1757 1315 1820 pro·

164 1841 296 1905 mittens
321 1864 354 1906 se
378 1841 582 1905 tributurum.
624 1846 655 1904 et
679 1841 847 1904 confestim
872 1841 1001 1924 quidem
1029 1841 1069 1905 ad
1097 1842 1227 1906 alterius
1251 1861 1350 1907 maa

165 1951 256 2031 trem,
290 1970 370 2031 quae
402 1948 516 2032 procul
549 1948 668 2032 aberat,
701 1969 845 2011 cursores
879 1969 953 2012 suos
986 1948 1084 2032 misit,
1118 1950 1175 2031 qui
1203 1947 1316 2012 anxiae

122 2086 150 2126 15
167 2055 294 2119 saluum
323 2055 426 2119 filium
449 2055 644 2137 nuntiarent,
673 2059 813 2118 ceterum
837 2056 924 2137 ipsos
947 2076 1013 2117 non
1037 2055 1141 2118 solnm
1164 2055 1316 2119 familiari

166 2183 260 2224 cenae
290 2161 449 2245 adhibuit,
478 2163 531 2226 sed
561 2167 592 2225 et
615 2163 797 2244 insequenti
822 2162 872 2225 die
896 2161 1109 2247 gladiatorum
1134 2164 1315 2246 spectaculo

167 2267 251 2332 circa
275 2290 307 2332 se
332 2291 371 2332 ex
394 2267 551 2332 industria
571 2269 746 2332 conlocatis
767 2268 875 2332 oblata
890 2268 951 2331 sibi
966 2268 1157 2332 ferramenta
1171 2291 1315 2355 pugnan-

166 2376 247 2439 tium
283 2375 481 2458 inspicienda
513 2377 664 2458 porrexit.
712 2375 831 2439 dicitur
859 2375 955 2438 etiam
988 2377 1119 2460 cognita
1148 2377 1315 2460 utriusque

164 2483 313 2568 genitura
330 2482 526 2546 imminere
545 2482 728 2546 ambobus
747 2482 959 2567 periculum
975 2482 1166 2565 adfirmasse,
1185 2505 1315 2547 uerum

119 2621 149 2660 ao
165 2589 392 2673 quandoque
416 2595 452 2653 et
476 2591 519 2653 ab
544 2591 635 2671 alie,
659 2589 742 2654 sicut
765 2591 880 2653 euenit.

255 2743 269 2791 7
290 2739 407 2809 Eutrop.
430 2739 487 2791 VII
505 2743 579 2803 21,2
604 2737 709 2790 Romae
728 2740 825 2791 tantae
845 2737 991 2791 ciuilitatis
1010 2738 1040 2791 in
1059 2738 1177 2807 imperio
1196 2738 1264 2805 fuit,
1282 2741 1316 2792 ut

163 2818 273 2872 nullum
292 2819 405 2873 omnino
424 2819 550 2887 puniret,
574 2819 718 2872 conuictos
738 2818 887 2872 aduersum
906 2834 935 2871 se
954 2820 1024 2886 (sese
1044 2819 1090 2888 al.)
1113 2818 1314 2872 coniurationis

164 2899 303 2954 dimiserit
328 2901 357 2954 et
381 2898 437 2968 (uel
456 2899 566 2966 Horret)
589 2899 619 2951 in
643 2899 741 2952 eadem
764 2898 959 2952 familiaritate
984 2915 1039 2966 qna
1068 2901 1152 2953 antea
1175 2898 1313 2953 habuerit.

166 2981 241 3034 Oros.
263 2981 325 3034 VII
339 2984 410 3046 9,13
439 2979 518 3033 cuius
542 2981 623 3032 tanta
646 2978 838 3047 tranquillitas
864 2979 894 3030 in
916 2979 1034 3046 imperio
1058 2978 1126 3045 fuit,
1153 2980 1186 3030 ut
1208 2978 1314 3032 nullius

164 3060 278 3113 omnino
302 3061 467 3132 sanguinem
491 3060 521 3112 in
543 3076 573 3113 re
591 3058 706 3128 publica
725 3058 949 3112 administranda
967 3058 1074 3112 fudisse
1096 3058 1242 3112 referatur.

165 3145 264 3208 10sqq.
280 3141 372 3196 Victor
393 3141 466 3195 Caes,
487 3144 607 3208 10,3aq.
627 3155 718 3207 nequa
737 3137 829 3192 minus
848 3142 944 3192 sancte
963 3138 1056 3192 facilis
1075 3139 1105 3191 in
1123 3138 1246 3206 tuendis,
1265 3138 1314 3206 qui

163 3219 236 3274 forte
254 3221 284 3273 in
304 3237 333 3274 se
348 3220 578 3283 coniurauissent‚
595 3219 664 3273 adeo
679 3222 720 3284 ut,
740 3236 802 3272 oum
817 3219 985 3286 amplissimi
1000 3218 1106 3273 ordinis
1121 3220 1176 3272 duo
1191 3219 1314 3273 abnuere

163 3300 321 3371 cogitatum
345 3301 435 3354 scelus
458 3301 607 3368 nequirent
629 3302 780 3368 patresque
807 3299 980 3354 censuissent
999 3300 1033 3352 de
1053 3298 1187 3352 confessis
1207 3299 1314 3367 suppli-

163 3380 239 3434 cium
258 3381 431 3448 sumendum,
451 3381 586 3434 deductos
606 3380 635 3433 in
650 3379 841 3448 spectaculum
857 3397 887 3434 ss
901 3380 1043 3448 utrimque
1058 3377 1187 3434 adsidere
1201 3379 1314 3433 iusserit

163 3462 310 3529 petitoque
326 3478 359 3515 ex
373 3461 513 3515 industria
527 3461 694 3531 gladiatoris
710 3465 793 3527 (rum
811 3461 898 3528 Opite,
916 3459 1117 3514 mirmillonum
1127 3461 1226 3529 apia),
1245 3475 1313 3528 quo-

162 3559 225 3594 rum
243 3557 357 3612 pugnae
375 3542 548 3606 uisebantur,
568 3539 664 3610 gladio
684 3541 765 3609 quasi
784 3535 821 3593 ad
840 3540 1041 3608 explorandam
1060 3540 1150 3593 aciem
1163 3540 1313 3606 uniatque

163 3623 246 3676 alteri
266 3622 453 3676 committeret
473 3622 656 3690 (committere
675 3622 762 3686 codd,
781 3620 952 3675 commiserit
970 3622 1068 3690 lipia).
1101 3621 1180 3688 queis
1200 3620 1313 3689 (quibus
1424 3629 1426 3636 '

143 3703 253 3772 ¹Epir.)
272 3702 408 3771 perculsis
423 3706 451 3755 et
461 3703 654 3756 constantiam
668 3700 848 3754 mirantibus:
868 3699 1017 3767 uidetisne
1037 3700 1138 3769 inquit,
1157 3702 1312 3770 potestates

162 3783 222 3836 fato
242 3782 304 3836 dari
322 3782 482 3851 frustraque
500 3781 635 3850 temptari
654 3781 764 3834 facinus
783 3781 914 3849 potiundi
929 3797 978 3849 spe
991 3781 1038 3834 uel
1053 3780 1202 3834 amittendi
1216 3782 1313 3834 metu?

163 3864 239 3930 (iada
257 3864 400 3918 masellis
418 3863 532 3917 mutatis
548 3865 625 3930 Epir.
642 3867 732 3926 10,10
750 3863 799 3916 abi
817 3869 881 3916 ante
900 3862 1036 3915 deductos
1055 3861 1182 3916 additam
1199 3878 1233 3914 ea
1246 3860 1312 3914 Sae-

163 3944 239 3998 tonio
256 3943 380 4012 primum
398 3942 546 4009 monuerit,
566 3943 648 4011 post).

235 4073 250 4120 2
280 4068 324 4138 ac]
345 4070 395 4121 aut
418 4068 439 4123 S
461 4066 562 4137 (subici
579 4083 663 4135 usqae
685 4066 791 4134 partim
813 4084 864 4121 om.
879 4066 969 4134 Lm),
997 4065 1027 4118 in
1050 4081 1144 4120 seruos
1169 4081 1201 4118 ac
1225 4064 1312 4124 H¹Rs

162 4151 262 4219 (olosm
284 4148 314 4201 in
337 4165 432 4202 seruos
456 4165 489 4202 sa.
514 4150 544 4202 ia
566 4167 578 4201 ε
598 4149 714 4214 aliisque
733 4149 758 4215 ς)
832 4146 986 4214 asperrima
1005 4148 1063 4202 HR
1135 4151 1150 4199 6
1169 4144 1312 4214 professus

162 4230 206 4282 est
220 4229 269 4283 ST
339 4229 500 4284 tseruaret
513 4227 579 4296 HQ,
608 4231 747 4280 seruasset
765 4227 812 4280 rel.
832 4228 902 4280 etN
979 4224 1206 4296 eperditurum]
1230 4225 1312 4293 puni-

161 4309 257 4362 turum
273 4312 309 4362 Τε
329 4310 370 4378 (ia
387 4311 437 4363 hoc
454 4326 488 4363 aa.
507 4306 523 4360 t
541 4308 623 4376 peri)
702 4312 735 4360 10
755 4308 850 4359 iurans
866 4307 915 4372 11¹,
943 4306 1086 4359 affirmans
1103 4307 1128 4360 G
1147 4313 1171 4360 et
1189 4308 1221 4359 ia
1239 4323 1312 4360 mor-

162 4391 225 4460 pine
248 4395 348 4443 resecta
366 4407 401 4443 m.
421 4395 436 4443 1
457 4387 610 4460 <...>rans
635 4391 694 4457 (om.
714 4390 742 4457 p)
833 4386 982 4441 affectione
1002 4385 1095 4457 GH¹Q
1187 4391 1219 4438 12
1243 4386 1312 4454 quid

165 4470 248 4535 GNd,
268 4469 404 4536 quodrel.
476 4475 507 4521 16
522 4470 551 4521 et
565 4469 762 4537 ora.X(Oad.)
833 4473 864 4520 17
881 4469 1086 4520 ornamentaT
1154 4471 1185 4518 19
1200 4467 1311 4536 uerum]

162 4552 313 4604 uenturum
331 4548 366 4602 Y'
439 4555 473 4602 20
493 4549 532 4601 sic
554 4549 596 4618 Gp
616 4550 672 4617 (sed
690 4550 721 4602 ia
742 4549 767 4602 G
785 4565 840 4602 ras.
859 4565 946 4616 supra
965 4565 979 4600 c
998 4553 1030 4601 at
1047 4548 1167 4615 uidetur)
