3166 5106
531 349 558 405 o.
579 348 759 405 cumcunl
779 362 845 410 ren.
860 363 949 410 ss-ss]
1254 347 1319 415 185

163 515 313 580 conuiuis
337 537 377 578 ex
401 536 478 578 auro
502 534 601 598 panes
625 519 656 578 et
680 512 814 577 obsonia
833 518 1016 598 apponeret,
1040 519 1104 580 aut
1127 516 1230 600 frugi
1253 514 1319 578 ho-

162 621 303 685 minem
332 641 414 686 esse
442 623 624 704 oportere
652 619 804 684 dictitans
833 624 898 684 aut
927 619 1132 684 Caesarem.
1179 621 1258 704 quin
1287 626 1319 686 et

162 748 313 792 nummos
342 749 410 792 non
442 725 612 790 mediocris
648 747 792 790 summae
824 747 841 790 e
873 727 1004 812 fastigio
1036 727 1186 792 basilicae
1218 726 1319 792 Iuliae

162 856 222 918 per
246 835 370 919 aliquot
399 833 465 899 dies
490 834 607 916 sparsit
634 834 666 896 in
691 832 826 917 plebem.
868 833 1041 897 fabricauit
1068 838 1100 898 et
1124 835 1244 898 deceris
1269 835 1318 898 Li·
1338 850 1355 897 2

134 941 316 1005 eburnicas
336 940 507 1027 gemmatis
525 939 699 1025 puppibus,
718 939 969 1005 uersicoloribus
987 940 1079 1024 uelis,
1097 963 1216 1027 magna
1234 942 1319 1005 ther-

163 1070 291 1111 marum
314 1052 347 1110 et
369 1048 553 1133 porticuum
578 1051 610 1110 et
634 1045 849 1111 tricliniorum
867 1045 1002 1111 laxitate
1021 1069 1202 1132 magnaque
1222 1049 1318 1113 etiam

162 1155 282 1218 uitium
307 1158 340 1218 et
363 1154 594 1238 pomiferarum
619 1153 769 1217 arborum
788 1154 957 1238 uarietate,
981 1153 1097 1236 quibus
1117 1154 1319 1219 discumbens

165 1261 205 1325 de
236 1260 286 1324 die
316 1262 401 1325 inter
430 1259 545 1324 choros
580 1280 617 1324 ac
647 1260 855 1344 symphonias
885 1258 983 1326 litora
1010 1258 1202 1343 Campaniae
1231 1283 1321 1346 pera-

164 1372 281 1452 graret.
324 1369 358 1431 in
386 1366 642 1430 extructionibus
669 1368 903 1450 praetoriorum
933 1371 1029 1450 atque
1056 1367 1207 1431 uillarum
1231 1370 1319 1434 omni

122 1499 150 1538 ιο
165 1476 292 1539 ratione
314 1473 500 1559 posthabita
519 1473 601 1536 nihil
619 1477 686 1538 tarn
706 1473 832 1538 efficere
852 1474 1098 1557 concupiscebat
1117 1497 1214 1558 quarn
1234 1476 1321 1558 quod

164 1603 261 1666 posse
285 1581 370 1644 effici
393 1584 572 1666 negaretur.
615 1585 647 1644 et
670 1581 771 1644 iactae
794 1582 903 1663 itaque
927 1580 1028 1646 moles
1052 1582 1170 1646 infesto
1192 1603 1230 1646 ac
1248 1595 1358 1666 pro-s

164 1688 267 1752 fundo
291 1689 373 1752 mari
401 1692 432 1751 et
459 1688 583 1751 excisae
613 1708 709 1771 rupes
733 1687 895 1751 durissimi
920 1688 1019 1752 silicis
1043 1694 1076 1752 et
1103 1689 1208 1772 campi
1232 1711 1321 1752 mon-

165 1794 254 1860 tibus
283 1816 398 1880 aggere
426 1793 553 1876 aequati
582 1798 613 1856 et
641 1795 843 1877 complanata
875 1794 1010 1858 fossuris
1043 1796 1202 1859 montium
1236 1796 1321 1880 iuga,

166 1900 349 1966 incredibili
368 1901 498 1983 quidem
517 1901 689 1983 celeritate,
712 1921 785 1964 curn
804 1922 913 1964 morae
933 1900 1028 1985 culpa
1048 1902 1151 1985 capite
1169 1901 1320 1965 lueretur.

125 2030 152 2070 ιε
168 2031 207 2074 ac
230 2029 270 2072 ne
294 2007 421 2092 singula
439 2029 633 2090 enumerem,
656 2007 827 2071 immensas
847 2029 924 2091 opes
943 2011 1112 2091 totumque
1132 2007 1213 2072 illud
1232 2007 1321 2090 T<i>.

168 2115 313 2180 Caesaris
335 2115 435 2178 uicies
460 2137 497 2179 ac
520 2115 638 2197 septies
662 2113 766 2178 milies
791 2115 973 2178 sestertium
996 2138 1062 2179 non
1085 2117 1156 2178 toto
1176 2118 1322 2178 uertente
1435 2152 1439 2158 ·

167 2244 252 2287 anno
277 2221 465 2304 absumpsit.

258 2327 445 2408 Exhaustus
474 2328 575 2413 igitur
602 2329 699 2410 atque
727 2349 823 2412 egens
852 2327 893 2391 ad
919 2328 1049 2411 rapinas
1072 2329 1233 2392 conuertit
1257 2323 1377 2392 ani-38

168 2458 257 2500 mum
284 2436 376 2499 uario
405 2439 437 2498 et
469 2434 722 2517 exquisitissimo
751 2434 984 2499 calumniarum
1015 2440 1047 2498 ct
1075 2437 1262 2500 auctionum
1292 2441 1324 2500 et

128 2564 154 2604 so
167 2542 378 2627 uectigalium
402 2563 526 2628 genere.
573 2541 713 2626 negabat
739 2541 809 2605 iure
837 2543 1003 2606 ciuitatem
1031 2541 1210 2608 Romanam
1233 2565 1323 2606 usur-

168 2671 246 2733 pare
270 2671 333 2730 eor,
357 2670 495 2730 quorum
519 2648 655 2712 maiores
684 2647 747 2712 sibi
769 2649 971 2732 posterisque
995 2671 1066 2713 earn
1089 2651 1324 2732 impetrassent,

170 2757 233 2820 nisi
266 2757 293 2820 si
325 2755 386 2818 filii
418 2759 536 2838 essent,
566 2776 670 2836 neque
703 2754 789 2820 enim
821 2754 967 2840 intellegi
1000 2755 1114 2820 debere
1145 2762 1324 2840 posteros

169 2863 256 2926 ultra
277 2861 364 2925 hunc
390 2861 539 2946 gradum3
568 2860 757 2944 prolataque
780 2859 938 2926 Diuorum
966 2859 1029 2925 Iuli
1057 2866 1089 2926 et
1111 2861 1254 2948 Augusti
1278 2863 1323 2926 di-

170 2971 315 3053 plomata
337 2973 374 3032 ut
396 2972 506 3032 uetera
523 2973 556 3031 et
579 2966 724 3032 obsoleta
744 2967 889 3031 deflebat.
931 2969 1086 3054 arguebat
1105 2973 1137 3032 et
1155 2991 1323 3053 perperam
1344 2981 1360 3028 2

131 3097 156 3136 ri
172 3076 275 3139 editos
304 3095 431 3158 census,
459 3073 577 3157 quibus
599 3078 712 3157 postea
735 3095 935 3157 quacumque
963 3075 1002 3138 de
1030 3095 1125 3138 causa
1153 3076 1325 3158 quicquam

171 3182 358 3248 incrementi
379 3182 573 3245 accessisset.
607 3184 799 3245 testamenta
817 3180 1075 3265 primipilarium,
1095 3183 1150 3264 qui
1169 3182 1210 3244 ab
1231 3181 1324 3246 initio

172 3290 282 3355 Tiberi
304 3289 505 3372 principatus
527 3309 632 3370 neque
655 3287 748 3351 illum
766 3310 870 3370 neque
890 3309 923 3352 se
941 3288 1090 3352 heredem
1109 3289 1324 3371 reliquissent,

172 3401 209 3461 ut
237 3397 365 3482 ingrata
392 3394 535 3479 rescidit3
564 3394 641 3458 item
671 3398 848 3458 ceterorum
877 3398 913 3457 ut
941 3395 1032 3458 irrita
1056 3400 1087 3458 et
1110 3417 1206 3480 uana,
1230 3417 1325 3478 quos-

173 3524 310 3586 cumque
340 3502 412 3584 quis
445 3501 564 3566 diceret
597 3500 713 3564 herede
746 3499 879 3564 Caesare
911 3503 994 3566 mori
1027 3501 1211 3566 destinasse.
1260 3525 1324 3585 quo

134 3629 160 3668 so
174 3614 261 3672 metu
291 3610 410 3673 iniecto
443 3630 515 3672 cum
545 3609 609 3672 iam
640 3611 672 3672 et
703 3608 742 3672 ab
774 3609 894 3693 ignotis
926 3609 1010 3672 inter
1039 3609 1214 3672 familiares
1245 3614 1277 3672 et
1307 3632 1327 3670 a

245 3843 262 3890 4
282 3839 316 3891 de
336 3837 427 3891 cedris
444 3837 546 3902 wit,
566 3837 601 3890 de
621 3837 720 3890 ceteris
738 3837 768 3903 T,
789 3837 886 3890 decem
901 3836 935 3891 δ’
998 3844 1014 3891 8
1033 3837 1116 3890 horos
1132 3837 1210 3906 H¹C=
1230 3837 1326 3890 hortos

176 3920 244 3974 ll²R
335 3917 517 3987 symphonias
538 3917 674 3975 &suun
698 3920 774 3984 (rrum
799 3924 867 3971 recte
890 3917 999 3972 dubitet
1024 3918 1103 3982 Ocu,
1121 3918 1155 3983 cs.
1178 3919 1324 3986 Capitolio.

181 3999 266 4053 Verus
276 4004 301 4064 6,
313 4001 349 4068 9),
359 3997 492 4066 symphro
504 3998 615 4063 ML¹P‚
625 3997 749 4066 simphro
762 4000 793 4062 Τ,
804 3996 908 4065 simpro
923 3998 947 4050 T
1000 4003 1032 4050 10
1047 3999 1106 4050 tani
1117 3998 1189 4062 MR,
1203 3999 1326 4050 tament

177 4085 209 4132 15
224 4082 410 4132 numeremX
470 4078 534 4131 Ta
554 4077 613 4146 (Ty.
630 4077 670 4143 δ’,
690 4077 785 4130 tiberii
802 4077 877 4146 GP),
897 4095 965 4132 corr.
981 4080 1054 4133 Roth
1120 4085 1152 4130 22
1172 4078 1267 4130 nisisi
1283 4081 1326 4144 M,

175 4159 230 4212 nisi
243 4161 291 4213 rel.
361 4164 395 4212 24
409 4159 453 4228 ut]
473 4160 501 4211 et
516 4160 552 4223 R,
570 4160 602 4210 ut
622 4160 650 4211 et
664 4158 740 4211 LPS
811 4157 935 4210 deflebat
953 4173 1020 4212 corr.
1036 4159 1067 4212 iu
1086 4157 1216 4211 deflaebat
1234 4160 1262 4226 (i.
1279 4159 1326 4211 de-

176 4238 272 4308 flebat)
288 4241 332 4304 M,
351 4237 474 4292 deflebat
488 4238 582 4307 (defie-
596 4239 631 4307 Τ)
646 4241 706 4303 ΧΤ,
725 4236 840 4290 delebat
856 4237 890 4303 G,
910 4236 1033 4291 deflebat
1052 4239 1096 4291 uel
1110 4237 1240 4291 difflebat
1257 4240 1327 4306 Lep-

176 4321 246 4386 sios,
273 4317 405 4372 eleuabat
427 4319 574 4383 Heinsius,
598 4316 747 4372 deridebat
767 4317 883 4371 Ernesti
905 4319 993 4372 Pololc
1102 4319 1141 4388 et]
1160 4319 1193 4370 ut
1211 4320 1327 4387 Bentley

177 4406 209 4452 25
229 4399 301 4454 editi
322 4399 437 4453 Oosoub.
511 4403 545 4451 28
564 4400 597 4451 ut
620 4400 741 4468 gygrata
762 4398 787 4451 G
860 4403 894 4450 30
913 4397 1017 4451 inlecto
1038 4397 1090 4466 (ill-
1102 4399 1133 4464 S,
1152 4397 1201 4450 ille
1216 4400 1255 4466 P)
1267 4402 1330 4452 MX

178 4483 254 4549 (corr.
271 4478 330 4548 Li),
349 4478 430 4532 illato
449 4480 482 4532 N
