3142 5112
451 339 561 392 DIVVS
580 338 770 392 AVGVSTVS
791 350 856 398 1111.
872 351 959 399 11-11]
1225 339 1265 404 61

30 505 40 570 f
120 505 234 588 partim
267 503 420 587 auspiciis
453 503 518 566 suis
553 500 772 584 Cantabriam,
805 501 1030 586 Aquitaniam,
1060 501 1268 586 Pannoniam,

121 610 310 674 Delmatiam
335 631 408 674 cum
426 607 557 692 Illyrico
581 611 679 693 omni,
701 609 779 674 item
799 607 946 672 Raetiam
970 611 1002 672 et
1021 607 1207 672 Vindelicos
1231 629 1268 673 ao

29 699 30 708 ¹
121 716 277 801 Salassos,
300 720 412 803 gentes
436 714 609 800 Inalpinas.
656 717 797 780 coercuit
825 720 856 779 et
880 715 1041 780 Dacorum
1070 717 1268 779 incursiones

121 824 224 889 tribus
247 845 356 887 eorum
382 823 517 887 ducibus
542 844 615 886 cum
639 843 757 908 magna
781 823 874 906 copia
897 823 1005 904 caesis,
1028 819 1269 906 Germanosque

97 931 205 995 cultra
227 929 337 994 Albim
360 930 497 994 fluuium
521 929 710 1011 summouit,
739 949 777 992 ex
801 928 918 1011 quibus
943 928 1066 993 Suebos
1089 933 1122 992 et
1145 927 1269 1014 Sigam-

121 1037 192 1100 bros
218 1036 361 1100 dedentis
381 1057 415 1099 se
434 1035 579 1098 traduxit
598 1036 631 1099 in
652 1032 790 1099 Galliam
810 1039 907 1118 atque
926 1037 960 1098 in
979 1036 1135 1119 proximis
1153 1033 1268 1100 Rheno

119 1146 203 1230 agris
232 1143 424 1208 conlocauit.
467 1143 547 1205 alias
575 1143 652 1206 item
679 1142 828 1206 nationes
856 1142 939 1206 male
968 1143 1092 1224 quietas
1116 1140 1156 1205 ad
1179 1141 1270 1206 obse·

120 1253 229 1333 quium
253 1250 386 1336 redegit.
431 1271 490 1313 nec
514 1249 573 1313 ulli
596 1249 687 1335 genti
711 1249 779 1312 sine
802 1250 898 1313 iustis
927 1253 959 1312 et
984 1249 1173 1312 necessariis
1197 1265 1303 1312 cau-2

121 1359 163 1420 sis
186 1357 308 1421 bellum
333 1356 445 1420 intulit
469 1359 660 1438 tantumque
684 1355 766 1418 afuit
790 1355 1004 1438 acupiditate
1023 1377 1153 1439 quoquo
1173 1356 1268 1420 modo

86 1485 108 1523 10
121 1465 289 1547 imperium
313 1463 366 1527 111
393 1462 542 1527 bellicam
566 1461 704 1548 gloriam
732 1463 883 1547 augendi,
913 1465 950 1525 ut
974 1462 1174 1546 quorundam
1198 1461 1269 1526 bar-

28 1579 30 1646 1
120 1569 269 1634 berorum
301 1571 463 1654 principes
501 1570 534 1631 in
567 1568 642 1633 aede
679 1566 795 1632 Martis
828 1567 952 1633 Vltoris
990 1570 1094 1633 iurare
1128 1570 1269 1655 coegerit

121 1698 288 1740 mansuros
321 1698 355 1740 se
387 1677 422 1740 in
448 1675 511 1739 fide
539 1697 576 1740 ao
606 1697 684 1759 pace
713 1697 808 1759 quam
837 1679 996 1760 peterent,
1029 1699 1047 1739 a
1075 1675 1268 1759 quibusdam

122 1805 193 1846 uero
226 1805 349 1848 nouum
382 1805 484 1868 genus
515 1782 678 1865 obsidum,
709 1782 861 1864 feminas,
893 1783 1019 1868 exigere
1051 1783 1269 1866 temptauerit,

122 1890 204 1971 quod
227 1890 398 1975 neglegere
426 1912 551 1954 marum
580 1891 714 1974 pignera
742 1889 915 1972 sentiebat,
942 1894 974 1953 et
997 1893 1106 1952 tamen
1129 1893 1269 1971 potesta-

89 1999 183 2060 ntem
216 2019 343 2078 semper
374 1995 526 2060 omnibus
559 1996 651 2081 fecit,
689 1997 838 2078 quotiens
875 1995 997 2058 uellent
1035 1995 1160 2058 obsides
1193 1996 1271 2059 reci-

121 2103 234 2184 piendi.
280 2125 384 2186 neque
411 2105 468 2166 aut
497 2103 639 2166 crebrius
666 2106 723 2166 aut
754 2101 956 2184 perfidiosius
984 2101 1171 2165 rebellantis
1199 2123 1269 2186 gra-

122 2211 207 2273 uiore
235 2230 389 2292 umquam
418 2209 507 2272 ultus
535 2213 585 2272 est
608 2229 726 2292 poena,
754 2231 850 2292 quam
878 2212 916 2270 ut
940 2209 1087 2291 captiuos
1116 2207 1269 2293 sublege

29 2389 30 2392 Ἴ
122 2314 330 2399 uenundaret,
357 2337 397 2378 ne
421 2317 455 2378 in
479 2315 585 2379 uicina
609 2316 739 2400 regione
764 2315 920 2379 seruirent
943 2336 1023 2378 neue
1047 2313 1132 2378 intra
1155 2316 1271 2378 tricen-

124 2421 237 2484 simum
274 2444 393 2485 annum
430 2422 652 2486 liberarentur.
706 2443 768 2504 qua
805 2420 938 2485 uirtutis
975 2422 1305 2504 moderationisquea

90 2527 204 2591 sofama
227 2526 325 2592 Indos
349 2528 446 2592 etiam
475 2551 512 2593 ac
537 2527 674 2612 Scythas
704 2528 815 2592 auditu
845 2529 940 2592 modo
965 2527 1114 2614 cognitos
1137 2528 1270 2612 pellexit

124 2669 143 2673 --
151 2671 288 2678 --—-—.

192 2747 206 2794 1
227 2742 345 2808 Ειιετορ.
362 2740 424 2793 VII
438 2745 455 2794 9
477 2739 603 2792 Romano
623 2738 728 2792 adiecit
746 2739 864 2807 imperio
878 2741 1039 2808 Aegyptum
1060 2741 1096 2806 (a.
1113 2756 1142 2808 p.
1159 2742 1269 2807 59,18),

29 2810 30 2819 ¹
124 2819 310 2886 Cantabriam,
330 2819 511 2886 Dalmatiam,
532 2835 616 2888 saepe
636 2821 702 2872 ante
717 2819 823 2871 uictam
838 2820 887 2872 sed
902 2819 1016 2888 penitus
1030 2822 1098 2873 tunc
1114 2818 1269 2886 subactam,

124 2899 303 2965 Pannoniam,
322 2899 515 2966 Aquitaniam,
535 2898 686 2968 Illyricum,
706 2899 845 2964 Raetiam,
865 2899 1027 2953 Vindelicos
1046 2903 1075 2953 et
1095 2899 1221 2952 Salassos
1240 2900 1270 2952 in

124 2979 240 3047 Alpibus
256 2977 383 3032 ...uicit
402 2981 496 3032 autern
516 2978 656 3051 (multis)
675 2978 790 3047 proeliis
804 2978 905 3043 Dacos,
921 2978 1121 3032 Germanorum
1141 2980 1269 3048 ingentes

125 3059 217 3127 copias
238 3058 354 3124 cecidit,
380 3057 455 3125 ipsos
480 3075 591 3126 quoque
615 3061 694 3112 trans
718 3059 813 3112 Albim
838 3059 955 3112 fluuium
979 3060 1143 3126 summouit,
1168 3060 1216 3128 qui
1240 3060 1269 3111 in

124 3138 268 3192 barbarico
286 3138 371 3207 louge
389 3137 465 3191 ultra
479 3138 608 3192 Rhenum
628 3142 670 3192 est
689 3157 739 3208 eps.
759 3142 796 3207 (a.
816 3141 855 3194 od
877 3141 934 3194 Tib.
951 3143 986 3206 9).
1025 3141 1101 3210 Epir.
1123 3146 1148 3206 1,
1164 3145 1181 3192 7
1199 3138 1270 3192 Can-

124 3219 216 3272 tabros
232 3222 261 3272 ct
273 3218 440 3285 Aquitanos,
455 3217 568 3285 Raetos,
581 3219 751 3282 Vindelicos,
768 3219 914 3272 Dalmatas
930 3237 1044 3305 numerp
1060 3219 1269 3287 prouinciarum

125 3297 226 3367 populo
251 3299 378 3352 Romano
403 3299 555 3352 coniunxit.
599 3299 704 3352 Sueuos
730 3298 882 3366 Cattosque
911 3299 1030 3363 deleuit,
1056 3299 1216 3367 Sigambros
1240 3298 1270 3350 in

125 3377 242 3432 Galliam
257 3378 410 3432 transtulit.
431 3379 590 3433 Pannonios
605 3379 805 3448 stipendiarios
820 3379 932 3432 adiecit.
953 3381 986 3445 cf.
1000 3381 1233 3442 VictorCaes.1,2

125 3459 234 3526 sapit.
254 3464 284 3524 1,
299 3464 336 3512 10
360 3458 431 3512 adeo
514 3460 624 3526 turbas,
652 3459 740 3526 bella,
774 3459 933 3512 simultates
962 3460 1121 3512 exsecratus
1150 3462 1205 3523 est,
1238 3459 1270 3511 ut

124 3537 176 3591 nisi
198 3537 280 3592 iustis
304 3539 339 3592 de
364 3539 455 3592 causis
479 3556 632 3607 numquam
660 3540 739 3608 genti
767 3539 898 3606 cuiquam
922 3539 1028 3592 bellum
1055 3539 1197 3593 indixerit.

125 3624 156 3670 20
174 3620 292 3688 Eutrop.
314 3620 376 3672 VII
390 3624 464 3686 10,1
489 3619 611 3687 Scythae
631 3623 659 3674 ct
682 3620 757 3685 Indi,
784 3619 886 3686 quibus
910 3622 994 3672 antea
1013 3619 1202 3672 Romanorum
1221 3635 1269 3672 no·

124 3714 184 3752 men
208 3698 383 3768 incognitum
409 3698 478 3764 fuit,
506 3716 623 3753 munera
651 3703 679 3753 et
702 3700 811 3767 legatos
840 3700 876 3752 ad
905 3716 968 3752 eum
991 3700 1135 3752 miserunt.
1179 3701 1270 3753 Victor

125 3778 195 3833 Caes.
218 3784 273 3846 1,7
297 3782 330 3831 ut
353 3779 423 3845 Indi,
449 3777 584 3846 Scythae,
608 3779 793 3832 Garamantes
818 3795 850 3832 ac
874 3780 968 3832 Bactri
991 3779 1101 3848 legatos
1124 3781 1270 3833 mitterent

125 3859 227 3912 orando
245 3859 360 3912 foederi.
398 3859 476 3928 Epit.
493 3865 518 3926 1,
533 3864 550 3912 9
570 3861 606 3913 ad
620 3860 694 3913 hunc
708 3861 780 3924 Indi,
800 3859 930 3927 Scythae,
946 3860 1139 3926 Garamantes,
1155 3860 1268 3912 Aethio-

193 4069 208 4115 3
229 4063 381 4132 cisalpinas
391 4065 424 4131 P,
440 4063 550 4131 alpinas
565 4067 588 4115 Τ
655 4069 670 4116 5
686 4063 773 4116 albim
787 4067 818 4116 H
823 4064 854 4133 Q,
869 4063 945 4117 abim
957 4067 993 4118 M
999 4065 1032 4129 G,
1047 4064 1115 4117 abin
1131 4064 1268 4134 VL(P¹?)‚

126 4143 212 4198 albini
236 4146 336 4212 (potius
359 4161 440 4211 qaam
459 4143 547 4197 albim
562 4145 599 4212 R)
619 4144 705 4197 RPS
722 4146 763 4211 (ia
782 4146 809 4196 P
826 4149 889 4198 112
908 4146 939 4197 ia
956 4147 1036 4212 roa),
1059 4145 1185 4197 albinum
1208 4147 1233 4198 Τ

127 4224 222 4277 seubos
239 4225 279 4291 M,
299 4239 386 4276 sueno
406 4224 437 4290 V,
456 4239 557 4276 saeuos
575 4225 621 4276 rel.
643 4226 753 4291 (quana
772 4225 822 4277 litt.
843 4225 1004 4292 1111111),
1023 4225 1111 4278 Vbios
1126 4227 1270 4280 Kossiaaa

28 4337 29 4346 ,
127 4321 183 4358 cam
196 4305 308 4358 Pe'thoco
395 4304 550 4374 sigambros
567 4309 603 4360 M
609 4306 694 4371 VLs,
721 4305 773 4357 sic·
790 4305 958 4366 GHRPST,
986 4323 1045 4359 sac·
1063 4305 1098 4375 Q,
1121 4308 1184 4372 fort.
1200 4306 1268 4374 Sug·

127 4384 232 4452 arrepsit
241 4383 386 4439 Suetonius
449 4389 481 4435 14
497 4383 638 4452 neglerem
653 4401 732 4437 arum
743 4387 778 4439 M
783 4385 791 4414 ¹
805 4385 936 4452 (marium
946 4385 1028 4454 LSQ)
1090 4386 1208 4456 pignora
1219 4391 1247 4439 X
1248 4390 1273 4439 Τ

129 4462 293 4517 1111111111
315 4467 340 4518 Τ
