3136 5100
265 377 329 440 208
614 376 642 430 o.
663 375 819 428 avarem
838 375 1060 440 sannorum

263 540 450 624 fauorisque
474 539 614 626 collegit,
637 543 674 602 ut
698 561 771 604 cnm
793 539 974 622 profectum
994 559 1067 602 eum
1086 537 1210 603 Ostiam
1229 539 1348 624 perisse
1374 562 1413 603 ex

263 647 389 711 insidiis
421 645 605 711 nuntiatum
639 648 735 728 esset,
767 665 886 731 magna
918 646 1177 710 consternatione
1208 645 1346 734 populus
1381 651 1413 710 et

264 754 400 818 militem
428 752 520 838 quasi
546 751 745 837 proditorem
774 755 807 816 et
834 755 979 816 senatum
1004 753 1095 836 quasi
1118 753 1309 837 parricidam
1334 753 1413 816 diris

265 860 522 924 execrationibus
545 859 702 924 incessere
724 880 792 922 non
810 861 884 923 anie
903 859 1070 943 destiterit,
1094 881 1191 944 quarn
1209 881 1293 924 unns
1317 864 1414 942 atque

264 967 346 1031 alter
374 970 406 1030 et
435 989 509 1030 mox
537 965 646 1051 plures
674 987 692 1028 a
719 965 963 1051 magistratibus
991 965 1025 1029 in
1053 972 1157 1029 rostra
1180 967 1330 1050 producti
1353 967 1414 1030 sal-
1443 993 1455 1031 a

265 1097 342 1137 num
367 1077 398 1136 et
423 1073 681 1158 appropinquare
704 1072 939 1136 confirmarent.

211 1176 254 1242 13
318 1221 321 1226 -
353 1180 421 1246 Neo
449 1184 556 1244 tamen
585 1200 697 1262 expers
728 1177 916 1242 insidiarum
944 1199 1045 1264 usque
1074 1200 1200 1264 quaque
1227 1181 1413 1264 permansit,

265 1289 319 1352 sed
343 1291 375 1352 et
399 1311 417 1350 a
440 1286 575 1373 singulis
600 1290 631 1350 et
654 1307 712 1370 per
735 1282 909 1350 factorem
934 1289 965 1348 et
990 1285 1126 1370 denique
1150 1287 1238 1350 ciuili
1256 1286 1343 1352 bello
1367 1287 1414 1351 in-

264 1395 400 1458 festatus
424 1397 480 1457 est.
523 1415 539 1456 e
562 1393 656 1477 plebe
679 1392 776 1456 homo
800 1395 894 1456 nocte
912 1391 1018 1456 medie
1035 1393 1127 1457 iuxta
1146 1392 1331 1457 cubiculum
1346 1393 1414 1457 eins

264 1523 337 1565 cum
370 1500 513 1586 pugione
544 1498 759 1583 deprehensus
792 1503 853 1583 est3
886 1500 1004 1583 reperti
1038 1504 1070 1562 et
1102 1501 1260 1584 equestris
1293 1499 1416 1565 ordinis
1431 1526 1457 1565 ro

264 1609 327 1672 duo
351 1608 386 1670 in
409 1607 542 1692 publico
566 1627 638 1670 oum
663 1605 778 1669 dolone
802 1627 838 1668 ao
861 1606 1029 1669 uenatorio
1048 1608 1152 1670 cultro
1171 1607 1415 1690 praestolantes,

265 1715 346 1778 alter
369 1719 406 1778 nt
430 1725 593 1800 egressum
617 1711 754 1793 theatro,
778 1713 860 1776 alter
884 1715 920 1775 ut
938 1713 1172 1776 sacrificantem
1196 1713 1281 1798 apud
1299 1713 1416 1777 Martis

228 1820 374 1884 eaedem
398 1821 592 1884 adoreretur.
635 1819 900 1903 conspirauerunt
924 1823 1032 1882 autem
1056 1819 1163 1883 adres
1181 1841 1283 1884 nouas
1303 1819 1415 1885 Gallus

264 1926 396 1991 Asinius
421 1931 453 1990 et
477 1926 625 1991 Statilius
646 1924 812 2007 Coruinus,
835 1923 991 1990 Pollionis
1016 1945 1052 1990 ac
1071 1925 1225 1991 Messalae
1248 1932 1412 1994 oratorum

263 2039 411 2119 nepotes,
443 2032 614 2118 assumptis
645 2033 866 2117 compluribus
893 2031 1019 2096 libertis
1046 2033 1149 2116 ipsius
1178 2038 1274 2118 atqns
1302 2035 1413 2099 seruis.
1435 2059 1457 2097 ιι

264 2141 385 2206 bellum
414 2141 510 2204 ciuile
533 2140 637 2204 mouit
660 2138 776 2202 Furius
800 2137 954 2204 Camillus
983 2137 1212 2204 Scribonianus
1234 2137 1415 2204 Delmatiae

264 2249 403 2334 legatus3
428 2270 540 2310 uerum
564 2247 648 2310 intra
672 2246 820 2330 quintum
846 2245 929 2310 diem
953 2267 1127 2330 oppressus
1151 2251 1199 2311 est
1221 2247 1415 2333 legionibus,

265 2377 346 2437 quae
370 2358 604 2418 sacramentum
625 2355 839 2436 mutauerant,
863 2353 897 2416 in
916 2353 1148 2436 paenitentiam
1167 2353 1324 2440 religione
1342 2373 1415 2417 con-

264 2461 379 2542 uersis,
413 2464 585 2543 postquam
614 2459 801 2524 denuntiato
832 2459 871 2522 ad
897 2481 1018 2523 nouum
1046 2459 1271 2544 imperatorem
1300 2461 1415 2525 itinere

265 2589 339 2630 casu
369 2565 508 2649 quodam
536 2584 572 2629 ao
600 2566 756 2630 diuinitus
784 2587 887 2649 nequa
920 2565 1028 2648 aquila
1057 2567 1164 2630 ornari
1190 2589 1294 2650 neque
1323 2568 1414 2653 signa
1432 2585 1447 2630 r

266 2673 404 2737 conuelli
429 2673 617 2756 mouerique
641 2677 824 2756 potuerunt.

212 2774 257 2840 14
356 2777 551 2843 Consulatus
579 2801 675 2862 super
697 2779 871 2864 pristinum
903 2783 1056 2863 quattuor
1084 2777 1198 2866 gessit,
1231 2802 1269 2844 ex
1298 2781 1415 2865 quibus

265 2887 345 2951 dnos
367 2888 489 2971 primos
513 2886 656 2969 iunctim,
680 2885 843 2968 sequentis
866 2907 924 2968 per
946 2887 1152 2950 interuallum
1173 2891 1287 2970 quarto
1308 2908 1417 2971 quem·
1492 2907 1499 2915 ·

338 3069 370 3116 16
391 3063 470 3131 Epir.
481 3066 533 3130 4,4
553 3060 752 3115 Scribonianus
763 3059 897 3114 Camillus
912 3061 988 3114 intra
997 3060 1156 3114 Dalmatiae
1171 3062 1325 3132 imperator
1339 3079 1415 3118 crea-

264 3146 311 3196 tus
321 3143 453 3196 continuo
469 3141 613 3195 occiditur.
644 3142 717 3194 Oros.
731 3142 791 3195 VII
803 3145 829 3206 6,
840 3146 900 3208 deq.
914 3140 1018 3193 accidit
1028 3182 1034 3194 .
1044 3182 1050 3194 .
1060 3182 1066 3194 .
1077 3140 1233 3209 praesentis
1248 3141 1359 3212 gratim
1369 3143 1415 3196 dai

265 3223 372 3292 grande
392 3222 570 3275 miraculum:
591 3221 730 3288 siquidem
750 3219 848 3273 Furius
868 3219 1002 3273 Camillus
1025 3219 1234 3289 Scribonianus,
1253 3217 1415 3276 Dalmatiae

266 3304 386 3373 legatus,
405 3301 511 3354 bellum
531 3301 615 3354 ciuile
634 3300 748 3352 molitos
768 3300 893 3369 legiones
912 3301 1015 3354 multas
1033 3301 1257 3368 fortissimasque
1272 3302 1309 3354 ad
1323 3317 1416 3356 saera-

267 3384 354 3436 menti
378 3382 565 3435 mutationem
588 3380 750 3449 pellexerat.
785 3381 882 3448 itaque
902 3381 947 3433 die
971 3381 1052 3440 dato,
1076 3381 1156 3435 utin
1180 3399 1266 3434 unum
1289 3383 1417 3451 undique

268 3463 303 3515 ad
323 3480 428 3516 nouum
446 3463 645 3531 imperatorem
664 3461 868 3525 conueniretur,
887 3478 977 3528 neque
997 3461 1110 3529 aquilae
1129 3461 1223 3514 ornari
1241 3477 1332 3529 neque
1352 3480 1417 3517 con·
1508 3487 1511 3494 ¹

267 3542 335 3596 uelli
355 3543 569 3610 quoquomodo
589 3542 671 3609 signa
694 3541 837 3595 moueriue
855 3542 1017 3608 potuerunt.
1051 3542 1189 3594 exercitus
1208 3541 1289 3594 tanta
1309 3545 1338 3595 et
1357 3545 1416 3597 tam

266 3623 403 3674 inusitata
428 3621 557 3675 miraculi
576 3621 630 3674 fide
649 3622 741 3673 motus
768 3623 796 3673 et
815 3636 965 3674 conuersus
984 3621 1013 3673 in
1032 3622 1238 3689 paenitentiam
1257 3621 1416 3678 Scribonia·

266 3720 333 3754 num
353 3702 453 3769 quinta
472 3703 568 3754 statim
589 3701 634 3753 die
649 3701 817 3753 destitutum
831 3700 974 3754 interfecit
993 3717 1108 3768 seseque
1124 3704 1298 3756 sacramento
1313 3703 1416 3772 prioris

266 3782 386 3834 militiae
406 3782 552 3835 continuit.
582 3783 624 3850 (cf.
642 3782 704 3834 VII
714 3786 768 3845 6,8
792 3781 868 3833 istud
893 3781 976 3835 ciuile
995 3781 1101 3834 bellum
1121 3823 1126 3834 .
1144 3824 1148 3834 .
1165 3824 1171 3835 .
1191 3781 1329 3834 diuinitus
1355 3797 1416 3838 esse

267 3879 454 3931 conpressum.
494 3863 554 3916 VII
565 3863 633 3930 8,2)

339 4030 354 4075 4
374 4023 516 4076 incessant
531 4023 574 4086 M,
593 4039 642 4076 orn.
656 4021 690 4086 G,
709 4021 850 4074 incessens
866 4019 981 4088 Bentley
1036 4015 1041 4024 ’
1065 4025 1080 4072 6
1101 4021 1267 4074 condrinant
1282 4021 1316 4088 L,
1336 4012 1416 4076 iesti-

267 4106 368 4157 narent
383 4105 418 4166 Π,
438 4101 611 4155 affirmarent
627 4119 642 4160 ς
657 4103 752 4168 (Roth)
830 4106 846 4152 8
866 4101 914 4152 sed
934 4103 963 4151 et
982 4103 1045 4165 Μ’,
1065 4102 1159 4153 etaeta
1173 4099 1216 4166 M,
1235 4103 1264 4154 et
1283 4116 1299 4153 a
1321 4102 1377 4156 Gr
1392 4103 1417 4156 et

266 4187 306 4236 ste
320 4185 436 4252 Bentley
455 4184 544 4236 delens
563 4183 666 4234 dileat
739 4183 856 4234 9n0ctc
873 4179 1110 4246 GRL²S²,noctu
1127 4180 1246 4249 MHQX
1317 4185 1350 4235 13
1367 4183 1415 4235 ad-

268 4265 392 4315 oraretur
408 4263 475 4332 Mo,
495 4260 601 4314 adorir-
617 4263 661 4314 rel.
681 4261 869 4329 (raderer-11¹)
951 4259 1054 4328 gallius
1072 4261 1161 4314 Mon
1242 4267 1275 4314 14
1293 4261 1415 4331 pulionis

270 4343 348 4394 alea
428 4341 565 4394 massalae
583 4343 618 4394 M
622 4343 644 4392 Ῥ
656 4345 734 4408 (corr.
751 4341 799 4409 ΗΞ)
873 4343 907 4392 ‘20
927 4341 970 4410 ac]
991 4357 1027 4393 an
1049 4343 1123 4393 Torr.
1198 4341 1295 4409 aquila
1314 4357 1363 4396 oni.
1382 4343 1415 4410 G,

268 4421 381 4488 aquilae
399 4422 473 4475 Oros.
489 4423 581 4490 (nore)
658 4427 690 4472 21
712 4421 854 4474 moueriue
871 4419 945 4474 Oros.
1020 4423 1053 4472 22
1072 4419 1191 4490 ingessit
1213 4437 1264 4488 pro
1283 4425 1416 4489 quattuor

268 4506 321 4570 (1111
347 4501 616 4570 RLPTlgessitG
689 4506 722 4552 23
743 4500 866 4554 dqua
940 4499 1126 4568 primusMG
