3166 5106
272 332 334 395 188
623 331 650 386 C.
672 331 829 386 SVETONI
848 331 1071 396 TRANQVILLI

235 494 415 560 eCaesaris
444 495 573 559 reditus.
622 517 659 560 ac
682 518 722 559 ne
751 487 789 559 ex
816 495 891 559 lusu
921 496 1049 579 quidem
1080 495 1168 559 aleae
1197 495 1423 579 compendium

270 623 424 686 spernens
452 601 526 685 plus
553 602 720 666 mendacio
749 607 845 686 atque
869 602 966 666 etiam
990 602 1131 684 periurio
1155 602 1348 666 lucrabatur.
1391 607 1424 665 εὴ

270 708 432 791 quondam
460 709 609 792 proximo
638 709 801 773 conlusori
829 709 1018 772 demandata
1050 708 1120 772 uice
1148 730 1206 773 sua
1233 731 1423 793 progressus

271 817 305 879 in
324 815 442 878 atrium
461 815 584 898 domus,
607 836 680 878 cum
698 815 931 898 praetereuntis
951 815 1030 878 duos
1052 816 1176 899 equites
1195 815 1233 879 R.
1252 815 1423 899 locupletis

271 923 339 986 sine
364 944 454 985 mora
476 922 597 1006 corripi
620 922 850 1005 confiscarique
873 922 1033 1005 iussisset,
1061 923 1208 986 exultans
1235 922 1331 986 rediit
1355 923 1423 1008 glo·
1455 950 1469 987 a

270 1030 420 1112 riansque
443 1051 619 1112 numquam
643 1050 676 1092 se
698 1030 902 1112 prosperiore
925 1029 994 1093 alea
1017 1051 1119 1092 usum.

216 1134 261 1200 42
361 1134 445 1199 Filia
467 1157 544 1200 uero
572 1140 648 1198 nata
671 1139 894 1219 paupertatem
922 1157 981 1200 nec
1009 1137 1073 1199 iam
1097 1137 1304 1220 imperatoria
1327 1137 1423 1202 modo

271 1243 382 1307 sedet
410 1242 515 1325 patria
543 1264 741 1324 conquerens
770 1264 867 1306 onera
895 1242 1093 1309 conlationes
1116 1243 1151 1306 in
1175 1243 1363 1308 alimonium
1388 1265 1425 1308 ac

271 1349 379 1411 dotem
404 1349 529 1432 puellae
553 1350 682 1432 recepit.
724 1349 825 1412 edixit
848 1353 880 1412 et
908 1353 1031 1414 strenas
1060 1351 1190 1413 ineunte
1214 1372 1296 1414 anno
1321 1372 1354 1413 se
1377 1372 1424 1412 re-.

271 1459 440 1539 ceptorum
464 1455 617 1538 stetitque
646 1456 680 1518 in
707 1455 869 1520 uestibulo
897 1455 1024 1520 aedium
1047 1455 1118 1520 Kal.
1142 1454 1208 1520 lan.
1233 1456 1273 1518 ad
1296 1461 1425 1540 captan-
1444 1484 1471 1521 ιο

272 1563 328 1626 das
361 1561 476 1645 stipes,
508 1583 587 1644 quas
620 1563 724 1646 plenis
757 1565 830 1625 ante
863 1584 936 1626 eum
966 1561 1115 1626 manibus
1146 1585 1184 1627 ac
1213 1563 1285 1627 sinu
1319 1565 1425 1626 omnis

272 1669 398 1754 generis
436 1670 531 1733 turba
567 1668 732 1732 fundebat.
782 1669 959 1734 nouissime
994 1669 1237 1734 contrectandae
1269 1671 1425 1753 pecuniae

273 1775 422 1860 cupidine
451 1775 612 1859 incensus,
643 1797 737 1858 saepe
767 1797 863 1859 super
893 1776 1066 1841 immensos
1094 1799 1262 1841 aureorum
1294 1799 1425 1841 aceruos

272 1882 497 1966 patentissimo
521 1883 655 1948 diffusos
683 1882 755 1946 loco
780 1886 812 1945 et
834 1875 929 1946 nudis
957 1882 1093 1965 pedibus
1117 1882 1274 1967 spatiatus
1298 1888 1331 1947 et
1353 1887 1424 1948 toto

272 2011 405 2073 corpore
429 1989 626 2073 aliquamdiu
649 1988 816 2053 uolutatus
840 1994 897 2053 est.
1069 2043 1072 2050 .
1442 2016 1469 2056 15

218 2093 265 2158 43
363 2096 514 2160 Militiam
544 2117 659 2178 resque
690 2095 819 2161 bellicas
855 2096 952 2160 semel
983 2097 1092 2182 attigit
1123 2118 1227 2180 neque
1260 2119 1299 2160 ex
1329 2098 1425 2161 desti-

271 2208 357 2286 nate,
382 2203 437 2267 sed
460 2225 531 2266 cum
556 2203 595 2266 ad
618 2203 786 2267 uisendum
806 2225 919 2266 nemus
938 2203 1121 2286 flumenque
1142 2201 1298 2267 Clitumni
1317 2203 1424 2268 Meua-

272 2310 358 2374 niam
373 2311 590 2393 processisset,
610 2309 794 2373 admonitus
813 2310 851 2374 de
870 2310 1049 2394 supplendo
1068 2332 1202 2374 numero
1217 2311 1425 2394 Batauorum,

273 2438 353 2498 quos
373 2418 456 2481 circa
475 2438 509 2481 se
527 2416 675 2499 habebat,
695 2417 909 2500 expeditionis
925 2414 1130 2481 Germanicae
1149 2418 1306 2502 impetum
1326 2419 1425 2502 cepit,

271 2545 375 2604 neque
398 2522 538 2605 distulit,
563 2524 617 2586 sed
641 2522 823 2608 legionibus
852 2528 883 2588 ct
907 2523 1035 2587 auxiliis
1063 2525 1205 2607 undique
1229 2525 1356 2609 excitis,
1380 2525 1425 2588 di·
1441 2550 1470 2588 ao

271 2628 409 2692 lectibus
432 2629 553 2712 ubique
577 2629 780 2694 acerbissime
804 2632 896 2713 actis,
925 2634 1089 2695 contracto
1113 2635 1145 2694 et
1170 2633 1274 2697 omnis
1298 2633 1425 2716 generis

274 2740 452 2800 commeatu
476 2740 596 2820 quanto
620 2759 795 2820 numquam
819 2740 921 2820 antea,
945 2739 1006 2800 iter
1024 2737 1187 2822 ingressus
1206 2743 1256 2803 est
1274 2739 1425 2804 confecit-

273 2865 335 2926 que
354 2843 450 2908 modo
468 2847 534 2907 tam
554 2843 744 2906 festinanter
768 2847 799 2906 et
822 2843 942 2928 rapide,
965 2849 1002 2907 ut
1024 2846 1248 2928 praetorianae
1272 2845 1423 2910 cohortes

274 2953 385 3014 contra
408 2972 531 3041 morem
555 2950 647 3034 signa
670 2951 821 3014 iumentis
844 2952 1008 3034 imponere
1033 2953 1134 3015 etita
1158 2953 1310 3036 subsequi
1333 2974 1426 3037 coge-

271 3061 391 3140 rentur,
414 3057 575 3121 interdum
599 3058 677 3121 adeo
703 3057 845 3141 segniter
872 3057 1083 3142 delicateque,
1110 3063 1147 3122 ut
1171 3059 1347 3142 octaphoro
1372 3082 1424 3123 ue·
1441 3083 1467 3122 sa

272 3164 403 3228 heretur
430 3168 526 3248 atque
549 3187 567 3227 a
590 3165 843 3248 propinquarum
872 3164 1001 3228 urbium
1028 3165 1123 3248 plebe
1151 3167 1235 3230 uerri
1264 3166 1325 3229 sibi
1353 3167 1423 3230 uias

274 3275 306 3335 et
329 3272 498 3356 conspergi
519 3274 653 3355 propter
675 3273 840 3354 puluerem
865 3271 1014 3356 exigeret.

347 3434 379 3481 19
395 3429 512 3495 Eutrcp.
529 3428 590 3480 VII
602 3432 645 3494 12,
659 3432 678 3480 2
692 3427 798 3480 bellum
818 3431 915 3481 contra
930 3427 1082 3482 Germanos
1102 3430 1225 3498 suscepit
1240 3433 1268 3482 at
1282 3429 1423 3501 ingressus

275 3508 408 3562 Suebiam
426 3508 498 3560 nihil
518 3511 629 3560 strenue
647 3507 722 3561 fecit.
764 3509 977 3574 Or·cs.V115,5
996 3508 1043 3561 hic
1062 3509 1201 3576 siquidem
1216 3527 1320 3580 magno
1335 3513 1364 3564 et
1382 3511 1422 3563 iu-

275 3587 403 3642 credibili
428 3591 566 3656 apparatu
589 3588 732 3656 profectus
756 3603 890 3655 quaerere
912 3588 1022 3642 hostem
1045 3589 1154 3642 uiribus
1178 3589 1290 3657 otiosis,
1310 3589 1422 3644 Germa-

274 3668 351 3721 niam
375 3667 553 3736 Galliamque
571 3684 744 3736 percurrens,
769 3669 798 3720 in
822 3685 870 3721 ora
890 3667 994 3722 Oceani
1019 3668 1093 3721 circa
1114 3672 1294 3738 prospectum
1313 3671 1423 3724 Britan-

273 3749 337 3801 niae
356 3749 469 3802 restitit.

346 3900 536 3954 8alim0niam
546 3899 815 3970 nomm-nia&
861 3901 977 3971 ac]etG
1024 3899 1247 3955 9EtdixitGN¹
1294 3903 1421 3956 10uesti·

274 3981 334 4033 buli
353 3981 445 4035 medio
463 3982 488 4034 G
553 3986 585 4034 13
604 3981 729 4033 incessus
744 3979 849 4048 MQ¹ds
869 3980 997 4048 (cupidus
1014 3998 1066 4048 pro
1086 3981 1218 4049 cupidine
1232 3981 1362 4036 incensus
1377 3985 1422 4049 H)

276 4066 307 4113 17
328 4060 458 4114 clitumin
481 4060 542 4130 (eli-
554 4062 589 4129 L)
610 4061 711 4127 MGX,
735 4059 864 4113 clitumni
890 4060 980 4128 (unni
999 4062 1036 4129 R)
1061 4061 1091 4113 in
1114 4060 1188 4127 TP',
1212 4079 1280 4116 corr.
1295 4064 1335 4116 ed.
1352 4065 1420 4117 Bou.

275 4145 347 4194 1488
367 4139 504 4207 (Clitunni
522 4142 581 4194 siue
604 4142 633 4193 in
653 4142 691 4195 cd.
708 4141 786 4194 Rom.
802 4142 849 4208 H)
948 4146 981 4192 22
1002 4143 1122 4208 quantos
1143 4141 1249 4196 Mnus
1340 4147 1422 4196 antea

275 4220 328 4272 iter
345 4221 472 4287 Gronov,
488 4223 554 4274 ante
569 4219 641 4273 altar
655 4224 689 4288 a,
710 4223 775 4273 ante
790 4220 863 4273 alius
880 4221 934 4274 iter
951 4220 1086 4274 &aecius
1150 4227 1184 4274 25
1199 4221 1376 4295 delicateque
1389 4223 1420 4286 G,

275 4299 396 4354 delicate
411 4300 522 4366 MLP1,
541 4302 569 4354 et
584 4300 705 4353 delicate
723 4298 798 4353 ΤῬΞ
818 4301 896 4368 (edd.)
979 4305 1012 4353 26
1032 4303 1118 4369 atque
1135 4303 1164 4372 a]
1184 4305 1269 4369 atque
1285 4303 1420 4368 MGLP',

275 4396 348 4446 aque
363 4381 479 4450 Bentley
497 4380 586 4434 nescio
600 4398 638 4432 aa
652 4383 750 4434 rectius
823 4386 855 4432 27
876 4383 905 4433 et
919 4395 993 4448 aqua
1008 4379 1133 4450 inspergi
1149 4383 1184 4436 H
1200 4385 1285 4450 (aqua
1299 4384 1421 4436 uoluunt

274 4462 356 4513 etiam
374 4460 518 4527 Heinsius)
810 4483 815 4490 ·

1574 2093 1575 2130 l

1574 2923 1575 2962 l

1574 3027 1575 3054 l

1573 3217 1575 3254 l
