3142 5112
488 363 577 418 DIVV
579 363 597 418 S
615 363 805 419 Avcvs‘rvs
825 375 890 426 [car.
905 375 966 424 s-r]
1257 363 1298 426 51

155 525 274 589 natales
297 524 360 590 hoc
379 547 509 611 quoque
528 526 675 609 patribus
694 526 884 612 conscriptis
907 528 1069 613 allegaret,
1092 547 1160 590 esse
1178 547 1302 609 posses-

156 655 257 696 sorem
281 652 318 696 ac
340 633 431 696 uelut
453 632 615 696 aedituum
640 632 710 718 soli,
734 632 821 716 quod
844 633 984 716 primum
1007 633 1111 698 Diuus
1134 631 1301 718 Augustus

155 761 285 804 nascens
308 739 477 826 attigisset,
501 743 686 823 peteretque
710 739 821 804 donari
846 741 937 822 quasi
960 741 1092 823 proprio
1116 762 1174 805 suo
1193 759 1230 802 ac
1248 761 1300 823 pe-

155 846 264 910 culiari
293 844 366 928 deo,
394 845 557 911 decretum
592 851 640 910 est
671 851 708 910 ut
742 867 779 910 ea
804 868 879 930 pars
907 845 1020 912 domus
1053 851 1300 912 consecraretur.

132 953 422 1018 enutrimentorum
442 954 510 1016 eius
530 952 710 1017 ostenditur
728 952 831 1018 adhuc
849 953 938 1018 locus
957 955 992 1017 in
1009 954 1097 1018 auito
1113 952 1297 1018 suburbano
1313 953 1335 1016 6

155 1059 242 1123 iuxta
264 1058 406 1124 Velitras
435 1058 637 1143 permodicus
669 1063 701 1124 et
730 1059 829 1124 cellae
856 1059 1027 1144 penuariae
1056 1060 1172 1142 instar,
1200 1063 1300 1123 tenet

156 1188 216 1247 qne
243 1165 444 1231 uicinitatem
473 1166 583 1249 opinio
612 1171 778 1248 tamquam
809 1170 841 1229 et
868 1171 962 1230 natus
992 1166 1039 1230 ibi
1066 1167 1117 1230 sit.
1162 1165 1226 1230 huo
1254 1166 1300 1228 in-

154 1274 250 1336 troire
274 1272 336 1336 nisi
360 1271 539 1336 necessario
568 1277 599 1336 et
628 1277 713 1336 caste
741 1272 855 1359 religio
884 1277 940 1355 est,
969 1278 1122 1357 concepta
1150 1273 1300 1356 opinione

36 1457 37 1478 ,
154 1379 262 1461 ueteri,
287 1380 380 1461 quasi
403 1384 523 1444 temere
547 1379 737 1444 adeuntibus
760 1377 876 1443 horror
899 1379 1029 1462 quidam
1049 1385 1081 1444 et
1104 1385 1209 1444 metus
1232 1379 1299 1444 obi·

36 1535 37 1538 *
121 1487 268 1569 iaciatur,
301 1485 356 1550 sed
389 1491 421 1550 et
450 1507 526 1548 mox
554 1486 751 1550 confirmata.
797 1508 871 1550 nam
905 1508 977 1550 cunr
1007 1508 1172 1570 possessor
1202 1485 1300 1550 uillae

153 1613 255 1656 nouus
284 1615 339 1656 seu
367 1593 450 1657 forte
479 1615 534 1657 seu
562 1592 742 1676 temptandi
770 1613 865 1657 causa
893 1592 1036 1658 cubitum
1066 1615 1099 1656 se
1128 1615 1165 1657 eo
1191 1597 1300 1656 contu-

154 1699 251 1781 lisset,
283 1701 392 1763 euenit
423 1705 459 1763 ut
491 1704 566 1782 post
602 1699 811 1782 paucissimas
847 1700 951 1764 noctis
984 1699 1079 1764 horas
1113 1700 1300 1764 exturbatus

92 1867 94 1870 .
155 1805 224 1868 inde
248 1805 355 1870 subita
379 1806 411 1869 ui
436 1811 467 1871 et
491 1807 613 1870 incerta
635 1828 736 1890 paene
762 1806 959 1872 semianimis
983 1829 1055 1870 oum
1080 1811 1180 1871 strato
1204 1806 1300 1870 simul

155 1917 224 1977 ante
247 1913 334 1976 fores
358 1914 564 1978 inueniretur.

122 2042 143 2080 rs
239 2016 361 2083 Infanti
391 2040 569 2104 cognomen
602 2019 746 2084 Thurino
780 2020 917 2084 inditum
951 2025 1013 2104 est,
1044 2021 1077 2083 in
1111 2017 1333 2084 memoriam?

156 2125 311 2188 maiorum
339 2125 486 2210 originiS,
515 2126 567 2189 uel
593 2127 680 2209 quod
708 2128 838 2212 regione
861 2125 1004 2190 Thurina
1029 2148 1199 2192 recenseo
1224 2131 1299 2189 nato

155 2237 242 2312 pater
281 2230 434 2296 Octauius
472 2234 625 2297 aduersus
662 2233 819 2317 fugitiuos
856 2255 922 2297 rem
962 2255 1114 2317 prospere
1151 2238 1300 2317 gesserat.

156 2335 331 2402 Thurinum
365 2341 627 2426 cognominatum
661 2340 739 2403 satis
776 2343 862 2404 certa
893 2340 1084 2424 probatione
1116 2339 1298 2404 tradiderim

155 2450 262 2518 nactus
296 2446 451 2528 puerilem
487 2446 725 2531 imagunculam
758 2447 826 2510 eius
859 2468 982 2510 aeream
1015 2452 1156 2511 ueterem
1188 2447 1300 2510 ferreis

122 2573 144 2611 ro
157 2555 186 2613 et
207 2573 308 2634 paene
336 2551 399 2616 iam
429 2553 685 2617 exolescentibus
712 2553 829 2618 litteris
857 2553 920 2617 hoe
946 2554 1076 2618 nomine
1104 2554 1301 2638 inscriptam,

156 2679 231 2740 quae
263 2659 348 2722 dono
378 2682 397 2722 a
427 2681 478 2724 me
507 2660 647 2744 principi
675 2658 749 2724 data
776 2659 862 2723 inter
892 2659 1074 2746 cubicu<li>
1100 2659 1198 2724 Lares
1226 2661 1301 2726 coli-

155 2767 213 2828 tur.
254 2765 365 2829 sedet
389 2765 468 2832 aM.
483 2765 628 2830 Antonio
652 2767 686 2830 in
705 2766 852 2850 epistulis
875 2788 932 2850 per
956 2767 1184 2832 contumeliam
1208 2789 1301 2851 saepe

155 2869 314 2936 Thurinus
347 2873 528 2957 appellatur
560 2877 592 2937 et
624 2873 692 2958 ipse
723 2871 806 2937 nihil
839 2874 977 2956 amplius
1006 2896 1101 2957 quam
1129 2873 1239 2938 mirari
1267 2896 1300 2938 se

154 2978 300 3042 rescribit
335 3000 395 3062 pro
433 2978 608 3063 obprobrio
651 2979 713 3043 sibi
753 2979 843 3063 prius
881 3001 999 3044 nomen
1036 2980 1130 3045 obici.
1189 2985 1335 3064 posteat

224 3233 323 3294 ltsqq.
352 3227 416 3280 inde
439 3226 509 3280 talia
531 3226 614 3292 finxit
635 3225 710 3278 Serra.
727 3227 795 3280 Aen.
810 3225 832 3277 I
841 3229 897 3279 292
920 3225 1039 3278 adulans
1062 3225 1183 3294 populus
1206 3225 1300 3280 aoe-

154 3304 267 3360 teuiano
286 3304 343 3358 tria
366 3305 469 3359 obtulit
492 3305 618 3370 nomina,
641 3307 736 3358 utrum
755 3304 842 3358 uellet
861 3305 992 3370 Quirinus
1012 3323 1049 3358 an
1067 3305 1169 3360 Caesar
1188 3323 1224 3359 an
1244 3307 1300 3358 Au-

114 3409 118 3415 „
154 3388 249 3453 gustus
277 3386 380 3439 uocari.
423 3385 473 3439 ille
495 3402 530 3439 ne
555 3403 643 3438 unum
668 3385 797 3454 eligendo
825 3388 933 3453 partem
956 3386 1093 3453 laederet,
1122 3403 1194 3454 quae
1223 3386 1301 3440 aliud

155 3463 249 3519 offerre
269 3465 410 3535 cupiebat,
430 3466 542 3519 diuerso
565 3467 690 3534 ternpore
714 3466 843 3518 omnibus
866 3483 933 3518 usus
952 3468 994 3518 est
1013 3468 1041 3518 et
1059 3465 1149 3534 primo
1169 3465 1300 3530 Quirinus

156 3543 244 3599 dictus
264 3549 314 3611 est,
335 3546 401 3600 inde
421 3545 530 3613 Caesar,
549 3548 656 3614 postea,
676 3546 751 3612 quod
771 3548 799 3598 et
818 3545 950 3612 obtinuit,
969 3545 1122 3614 Augustus,
1142 3547 1215 3600 sicut
1234 3546 1300 3600 Sue-

153 3625 244 3678 tonius
259 3625 363 3696 probat
376 3628 405 3679 et
422 3626 453 3679 in
467 3625 605 3696 georgicis
620 3624 744 3678 ostendit
753 3624 901 3694 Vergilius.
937 3625 1032 3696 Georp.
1047 3627 1149 3680 11127
1168 3629 1200 3679 ut
1214 3627 1299 3680 etiam

154 3703 181 3756 in
207 3707 299 3774 primo
327 3706 460 3760 Aeneidis
489 3707 623 3772 diximus,
654 3705 802 3758 Suetonius
830 3705 1010 3772 Tranquillus
1038 3707 1091 3759 hoc
1114 3708 1148 3759 de
1172 3706 1300 3776 Augusto

155 3789 360 3854 commemorat,
384 3787 506 3853 quodam
529 3789 655 3855 tempore
679 3789 735 3839 tres
759 3789 853 3854 partes
872 3786 970 3855 populi
990 3787 1181 3842 consentiente
1201 3789 1299 3840 senatu

223 4015 319 4063 lesse
339 4012 440 4062 seXY
458 4011 498 4077 (se
516 4009 590 4061 inP
605 4026 639 4062 ss.
659 4026 693 4061 m.
708 4010 739 4076 2)
812 4007 924 4061 tlocus
944 4008 1041 4062 ooaG
1113 4010 1300 4078 6penuariae

156 4089 195 4154 M,
217 4089 391 4158 pnennarise
409 4106 477 4144 corr.
497 4105 530 4143 ex
548 4088 710 4157 pnemariae
729 4090 769 4153 L,
793 4088 927 4159 penuriae
946 4095 970 4142 et
990 4091 1021 4140 in
1038 4091 1162 4159 margine
1180 4107 1300 4158 penuar-

159 4168 187 4235 V,
206 4169 342 4237 penuriae
361 4170 415 4236 (uel
433 4169 495 4238 rie)
514 4171 560 4223 rel.
644 4174 659 4221 8
679 4169 791 4221 nonnisi
811 4173 839 4220 X
918 4174 951 4221 10
971 4169 1136 4222 confirmata
1155 4173 1197 4223 ost
1216 4173 1246 4222 H
1250 4171 1300 4224 itt

154 4249 247 4319 (culp.)
321 4255 355 4302 15
375 4249 404 4302 in
422 4250 557 4302 memoria
575 4249 628 4319 Qa,
648 4248 683 4302 ob
698 4249 863 4302 memoriam
878 4249 976 4315 PS1T,
995 4248 1042 4302 uel
1059 4251 1196 4303 memoria
1214 4253 1299 4305 Beat-

155 4328 193 4398 tep
211 4331 303 4384 dalem
321 4329 439 4399 originis
535 4333 568 4381 16
592 4329 639 4382 nel
657 4345 707 4383 om.
727 4330 812 4384 LPs
834 4329 920 4397 (quod
939 4329 985 4382 uel
1007 4331 1042 4398 Τ)
1137 4330 1167 4382 in
1185 4331 1300 4400 regione

158 4409 248 4464 nP²r
318 4415 353 4462 20
373 4411 412 4480 et]
433 4409 482 4462 sed
497 4411 613 4479 Bentley
686 4409 820 4477 scriptam
837 4410 862 4462 G
935 4415 967 4462 21
988 4409 1161 4463 cubiculares
1178 4413 1213 4476 a,
1231 4428 1298 4464 corr.

155 4488 267 4557 Lipsius
341 4495 374 4542 23
394 4489 450 4558 ipsi
469 4492 506 4544 M
510 4490 536 4544 G

1050 4579 1084 4631 4*
