3142 5112
498 343 607 400 DIVVS
626 343 816 398 AVGVS'I'VS
836 355 903 404 [cae.
918 357 1006 405 ro-ee]
1285 343 1326 408 81

176 509 270 593 plebe
289 509 436 595 regiones
456 506 518 572 sibi
538 509 691 572 reuisenti
710 507 795 572 filios
814 509 939 572 filiasue
956 507 1181 592 approbarent,
1200 507 1328 593 singula

171 638 381 697 ,nummorum
405 616 496 679 milia
518 637 578 700 pro
603 615 739 700 singolis
763 614 935 680 diuidebat.

265 722 454 788 Prouincias
482 721 655 790 ualidiores
683 726 716 788 et
744 743 823 806 quas
851 723 966 786 annuis
994 723 1242 808 magistratuum
1271 717 1379 784 rin-47

177 831 274 913 periis
303 831 372 916 regi
399 850 458 894 nec
485 829 579 894 facile
607 851 666 893 nec
688 831 796 893 tutum
820 833 902 912 erat,
930 830 999 913 ipse
1023 831 1179 913 suscepit,
1208 831 1327 893 ceteras

151 935 426 1020 sproconsulibus
456 937 571 1000 sortito
601 936 762 1021 permisit3
793 939 825 998 et
853 939 961 1000 tamen
988 935 1160 1000 nonnullas
1188 957 1329 999 commu·

176 1044 260 1106 tauit
292 1041 454 1106 interdum
486 1045 583 1126 atque
616 1063 655 1106 ex
687 1045 825 1126 utroque
856 1063 973 1128 genere
1001 1041 1171 1126 plerasque
1202 1043 1328 1127 saepius

176 1149 263 1213 adiit.
310 1148 441 1213 urbium
469 1149 635 1232 quasdam,
666 1148 845 1214 foederatas
876 1151 931 1214 sed
962 1149 1002 1214 ad
1033 1149 1167 1214 exitium
1197 1149 1333 1227 licentia

176 1255 378 1340 praecipites,
400 1255 549 1322 libertate
573 1257 724 1341 priuauit,
748 1257 826 1320 alias
851 1261 907 1321 aut
930 1277 1001 1321 aere
1025 1257 1130 1321 alieno
1151 1256 1328 1322 laborantis

176 1363 299 1428 leuauit
329 1365 384 1426 aut
415 1367 517 1427 terrac
549 1368 642 1428 motu
671 1363 841 1428 subuersas
872 1362 977 1444 denuo
1009 1363 1154 1428 condidit
1181 1366 1328 1426 autme-

139 1496 163 1536 ιο
177 1469 240 1532 rita
266 1490 344 1554 arga
371 1471 528 1554 populum
556 1469 594 1534 R.
618 1471 804 1556 adlegantes
831 1469 1008 1534 Latinitate
1036 1470 1089 1534 uel
1116 1469 1249 1534 ciuitate
1275 1469 1328 1534 do-

176 1575 276 1639 nauit.
322 1597 380 1640 nec
412 1581 474 1660 est,
511 1581 547 1641 ut
581 1579 709 1661 opinor,
745 1577 928 1660 prouincia,
964 1579 1097 1661 excepta
1130 1575 1206 1640 dum
1239 1580 1328 1640 taxat

176 1681 288 1746 Africa
320 1687 352 1746 et
380 1681 540 1766 Sardinia,
572 1705 669 1767 quam
699 1705 765 1747 non
798 1683 919 1750 adierit.
967 1685 1001 1748 in
1027 1683 1086 1748 has
1114 1684 1227 1770 fugato
1257 1681 1328 1748 Sex.

21 1817 25 1838 ·
176 1788 332 1874 Pompeio
364 1791 514 1854 traicere·
527 1813 567 1854 ex
593 1789 703 1854 Sicilia
731 1793 937 1874 apparantem
954 1783 1138 1860 ,continuae
1162 1793 1194 1854 et
1216 1790 1328 1853 immo-

177 1897 265 1960 dicae
298 1901 505 1980 tempestates
539 1897 749 1962 inhibuerunt
785 1920 844 1963 nec
877 1889 952 1960 inex
986 1898 1113 1962 occasio
1146 1901 1203 1961 aut
1234 1919 1328 1961 causa

141 2029 163 2069 n
177 2003 345 2067 traiciendi
369 2003 440 2068 fuit.

265 2107 451 2195 Regnorum
481 2110 599 2194 quibus
628 2109 705 2174 belli
734 2112 802 2176 iure
830 2111 953 2194 potitus
976 2115 1038 2194 cst,
1066 2116 1194 2194 praeter
1216 2105 1376 2194 pauca,48

177 2220 232 2280 aut
262 2216 363 2280 isdem
394 2216 512 2300 quibus
543 2217 705 2282 ademerat
735 2217 874 2282 reddidit
904 2221 961 2280 aut
992 2217 1182 2302 alienigenis
1212 2217 1340 2281 contri.

176 2322 254 2386 buit.
296 2345 388 2408 reges
417 2325 521 2389 socios
549 2325 645 2390 etiam
677 2326 761 2388 inter
791 2328 892 2388 semet
918 2325 1006 2408 ipsos
1036 2324 1327 2389 necessitudinibus

177 2429 298 2492 mutuis
322 2430 439 2512 iunxit,
466 2430 728 2514 promptissimus
750 2431 919 2495 affinitatis
944 2431 1101 2514 cuiusque
1129 2436 1226 2515 atque
1250 2431 1327 2494 ami·

140 2563 164 2614 sc
177 2536 271 2598 citiae
294 2537 483 2600 conciliator
505 2540 537 2600 et
560 2537 681 2622 fautor3
711 2559 770 2601 nec
798 2539 891 2601 aliter
916 2539 1086 2602 uniuersos
1110 2560 1206 2621 quam
1230 2560 1327 2602 mem-

177 2642 234 2706 bra
257 2644 421 2726 partisque
444 2643 570 2727 imperii
600 2665 693 2707 curae
716 2643 844 2727 habuit,
872 2648 1029 2708 rectorem
1060 2666 1187 2728 quoque
1212 2645 1327 2710 solitus

177 2771 337 2832 apponere
367 2753 473 2814 aetate
500 2751 611 2833 paruis
634 2755 690 2814 aut
713 2755 820 2816 mente
843 2751 957 2834 lapsis,
982 2751 1084 2816 donec
1108 2751 1328 2818 adolescerent

178 2860 232 2919 aut
262 2856 499 2941 resipiscerent,
529 2878 565 2920 ac
595 2858 807 2941 plurimorum
838 2858 957 2922 liberos
988 2862 1020 2923 et
1053 2858 1203 2922 educauit
1231 2858 1325 2923 simul

177 2983 248 3025 cum
274 2963 340 3026 suis
363 2967 396 3027 et
419 2964 568 3028 instituit.

140 3095 164 3134 as
266 3069 316 3133 Ex
347 3070 543 3134 militaribus
575 3071 676 3154 copiis
706 3070 849 3158 legiones
880 3077 912 3137 et
948 3073 1068 3137 auxilia
1098 3064 1380 3156 prouinciatimltl

178 3175 355 3260 distribuit,
386 3177 519 3240 classem
550 3177 665 3242 Miseni
696 3181 728 3241 et
760 3177 894 3242 alteram
923 3177 1096 3242 Rauennae
1124 3179 1164 3267 ad
1191 3162 1327 3242 tutelam

177 3281 292 3368 Superi
316 3287 348 3348 et
370 3281 471 3347 Inferi
497 3285 595 3348 maris
625 3285 819 3368 conlocauit,
848 3290 989 3350 ceterum
1011 3307 1184 3349 numerum
1207 3284 1327 3369 partim

177 3389 209 3454 in
233 3389 324 3454 urbis
351 3391 470 3474 partim
499 3391 534 3454 in
561 3393 611 3456 sui
639 3393 818 3456 custodiam
846 3391 966 3478 adlegit
991 3391 1122 3456 dimissa
1147 3391 1328 3478 Calagurri-

177 3501 327 3561 tanorum
355 3519 464 3582 manu,
497 3520 593 3581 quam
626 3521 727 3583 usque
760 3501 800 3564 ad
833 3499 995 3564 deuictum
1023 3498 1216 3583 Antonium,
1248 3499 1327 3563 item

140 3627 165 3666 sc
178 3601 419 3688 Germanorum,
439 3627 534 3688 quam
555 3627 656 3689 usque
675 3606 715 3670 ad
729 3606 849 3670 cladem
864 3606 1038 3672 Varianam
1053 3606 1137 3670 inter
1152 3607 1327 3692 armigeros

178 3711 261 3774 circa
284 3731 319 3773 se
347 3709 511 3777 habuerat.
557 3735 660 3797 neque
684 3719 792 3777 tamen
819 3736 972 3797 umquam
1000 3715 1109 3799 plures
1137 3735 1233 3796 quam
1262 3717 1327 3776 tres

249 3999 263 4046 1
284 3991 340 4045 sibi
358 4008 409 4045 om.
431 3993 457 4046 V
526 3999 541 4045 7
560 3993 685 4048 urbesG
758 3993 859 4047 Salias
875 3994 943 4063 (alia
958 3995 993 4063 V)
1012 3994 1222 4048 aut—leuauit
1235 4011 1286 4048 cm.
1305 3998 1329 4048 Y

180 4070 273 4143 taut]
294 4074 325 4125 at
345 4075 369 4124 ‘l‘
482 4078 514 4126 10
534 4072 651 4126 lenitate
672 4075 697 4127 G
814 4080 847 4127 12
866 4073 979 4144 fugatos
1004 4091 1037 4128 ex
1062 4076 1099 4129 M
1104 4074 1229 4145 GVL¹Q
1247 4076 1325 4145 (corr.

180 4152 235 4222 L³),
254 4152 355 4222 fugato
375 4155 440 4222 (tos
459 4154 502 4221 8¹)
522 4156 599 4206 sexto
619 4153 770 4208 HRPST
786 4156 825 4221 (at
843 4155 874 4206 in
894 4156 921 4207 P
938 4155 1017 4207 sexto
1036 4156 1067 4207 in
1085 4157 1151 4222 ras.)
1210 4161 1257 4225 Ι13
1278 4171 1326 4223 ap-

180 4234 324 4298 parentem
344 4233 381 4287 M
385 4233 456 4287 P¹T
524 4233 651 4286 modicae
675 4235 701 4285 V
773 4239 804 4286 15
826 4233 983 4288 traicienda
1005 4234 1031 4288 G
1104 4240 1136 4288 16
1155 4235 1255 4304 Regna
1274 4237 1307 4288 N
1310 4253 1326 4294 ς

181 4307 273 4382 (culp.)
347 4315 390 4366 est
408 4330 458 4367 oon
475 4314 512 4365 M
583 4314 775 4382 1'1isquidem
796 4315 843 4368 M¹
862 4315 921 4383 (qui
940 4317 1029 4381 erne),
1049 4315 1205 4368 hisdemG
1278 4317 1327 4368 ad-

181 4395 303 4445 emerant
314 4394 352 4447 M
421 4396 471 4446 aut
481 4393 594 4466 (baut)
606 4395 693 4448 Polcl·
766 4411 813 4448 cor
832 4393 933 4447 tribuit
945 4397 981 4448 M
1052 4401 1083 4448 21
1099 4399 1250 4464 partesque
1263 4396 1327 4461 Gr,

180 4474 342 4540 partemque
362 4474 424 4526 XN
494 4479 527 4526 27
548 4477 655 4527 certum
673 4475 733 4528 cdd.
754 4475 832 4528 Rom.
858 4475 922 4528 Vcn.
942 4477 1076 4546 Manlp.)
1150 4482 1183 4528 28
1203 4493 1282 4529 suam
1301 4481 1330 4528 X

232 4571 366 4611 smonrvs
381 4573 415 4612 ed.
429 4573 496 4612 Ihm.
524 4575 542 4612 I.
1097 4571 1112 4617 6
