3142 5112
251 349 296 412 54
602 348 631 402 C.
651 347 808 401 SVETONI
826 348 1049 443 TRANqVILLI

251 511 358 574 nantis
386 515 432 592 et,
461 511 537 593 quia
563 513 731 594 prouisum
759 511 937 594 perieulum
966 511 1241 598 subterfugerant,
1272 511 1407 597 legibus

253 617 384 704 adgredi
406 639 543 700 reosque
566 617 671 682 caedis
697 618 839 682 absentis
863 617 985 682 deferre
1008 619 1131 682 statuit.
1176 618 1269 682 ludos
1294 623 1406 681 autem

253 724 407 788 uictoriae
431 723 574 788 Caesaris
601 746 669 788 non
695 723 887 787 audentibus
910 725 1014 788 faeere
1041 724 1159 808 quibus
1183 726 1349 809 optigerat
1374 725 1406 788 id

217 848 383 914 amunuS,
410 832 481 914 ipse
507 830 615 894 edidit.
661 836 694 894 et
722 852 787 913 quo
816 831 1018 894 constantius
1045 837 1151 896 cetera
1179 853 1309 914 quoque
1335 854 1407 894 exe-

254 942 415 1020 queretur,
438 937 599 1002 inlocum
617 943 656 1000 tr.
675 938 719 1020 pl.
737 937 821 1001 forte
839 937 1001 1002 demortui
1021 938 1224 1002 candidatum
1244 959 1277 1000 se
1297 942 1408 1002 osten·
1435 960 1446 998 s

253 1044 314 1126 dit,
346 1066 529 1126 quanquam
567 1043 721 1127 patricius
757 1044 893 1108 necdum
931 1050 1069 1108 senator.
1121 1045 1176 1107 sed
1213 1044 1408 1108 aduersante

253 1150 422 1215 conatibus
454 1151 521 1213 suis
553 1151 596 1214 M.
623 1149 766 1214 Antonio
800 1152 943 1234 consule,
980 1175 1077 1234 quem
1108 1151 1162 1214 uel
1193 1150 1407 1235 praecipuum

253 1257 432 1321 adiutorem
456 1262 649 1340 sperauerat,
672 1279 709 1320 aa
730 1279 772 1320 ne
790 1257 957 1340 publicum
975 1258 1105 1339 quidem
1124 1263 1157 1321 et
1175 1257 1407 1321 translatiuum

253 1366 304 1427 ius
337 1364 403 1427 ulla
430 1365 462 1426 iu
490 1385 524 1427 re
552 1363 616 1427 sibi
642 1365 711 1427 sine
742 1366 893 1446 pactione
924 1365 1134 1450 grauissimae
1162 1363 1319 1428 mercedis
1349 1365 1409 1428 im-

253 1472 419 1553 pertiente,
442 1471 482 1534 ad
506 1469 678 1554 optimates
702 1492 736 1534 se
760 1470 906 1553 contulit,
930 1471 1048 1553 quibus
1071 1493 1145 1534 eum
1168 1471 1311 1534 inuisum
1336 1491 1407 1533 sen·
1423 1492 1447 1532 10

253 1575 364 1659 tiebat,
387 1578 525 1640 maxime
548 1577 636 1659 quod
659 1576 698 1640 D.
720 1576 859 1640 Brutum
882 1576 1050 1640 obsessum
1069 1577 1213 1640 Mutinae
1236 1577 1408 1660 prouincia

254 1682 430 1748 aCaesare
463 1683 537 1746 data
569 1690 600 1747 et
633 1705 690 1766 per
722 1689 868 1746 senatum
897 1685 1086 1747 confirmata
1116 1685 1275 1767 expellere
1306 1684 1407 1747 armis

219 1792 419 1855 eniteretur.
464 1789 670 1854 hortantibus
701 1790 812 1872 itaque
844 1791 1007 1854 nonnullis
1039 1811 1241 1873 percussores
1273 1792 1303 1852 ei
1332 1789 1408 1852 sub-

255 1897 396 1980 ornauit,
428 1919 465 1960 ao
493 1895 603 1960 fraude
631 1896 829 1979 deprehensa
857 1897 1036 1979 periculum
1065 1897 1100 1960 in
1126 1898 1229 1960 uicem
1257 1901 1407 1960 metuens

255 2009 423 2068 ueteranos
452 2005 549 2066 simul
576 2004 610 2065 in
638 2025 732 2066 suum
761 2024 799 2066 ac
825 2004 872 2065 rei
899 2027 930 2086 p.
958 2003 1113 2066 auxilium
1145 2007 1266 2085 quanta
1295 2004 1407 2085 potuit
1422 2022 1446 2062 rs

255 2111 426 2196 largitione
451 2111 624 2194 contraxit3
653 2111 823 2192 iussusque
847 2114 1032 2192 comparato
1055 2110 1208 2174 exercitui
1232 2132 1291 2193 pro
1315 2132 1406 2192 prae-

255 2225 325 2282 tore
348 2239 494 2301 praeesse
518 2221 550 2279 et
573 2239 646 2280 oum
664 2215 773 2280 Hirtio
801 2237 838 2279 ac
861 2215 978 2299 Pansa,
1003 2216 1058 2298 qui
1078 2217 1281 2280 consulatum
1302 2238 1407 2281 susce·

255 2329 378 2408 perant,
396 2324 435 2387 D.
450 2323 551 2386 Bruto
571 2344 664 2406 opem
683 2323 774 2404 ferre,
793 2322 1019 2385 demandatum
1038 2321 1160 2385 bellum
1178 2323 1274 2387 tertio
1295 2344 1407 2386 mense

220 2449 237 2494 4
256 2431 393 2496 confecit
417 2430 542 2494 duobus
566 2429 705 2512 proeliis.
746 2430 853 2511 priore
871 2426 1035 2492 Antonius
1058 2428 1180 2514 fugisse
1199 2451 1272 2491 eum
1293 2430 1406 2493 scribit

256 2561 293 2602 ac
314 2539 382 2600 sine
400 2537 626 2620 paludamento
646 2558 794 2618 equoque
813 2540 889 2618 post
907 2534 1040 2610 biduum
1059 2535 1188 2610 demum
1207 2536 1447 2618 apparuissem

256 2645 404 2727 sequenti
437 2644 514 2707 satis
547 2648 674 2707 constat
705 2663 770 2706 non
804 2642 899 2706 modo
934 2642 1036 2724 duria,
1073 2642 1129 2705 sed
1160 2643 1257 2706 etiam
1290 2643 1406 2706 militis

256 2753 400 2814 functum
426 2771 557 2813 munere
581 2755 677 2832 atque
705 2751 737 2811 in
762 2748 866 2812 media
890 2749 1109 2830 dimicatione,
1133 2748 1303 2831 aquilifero
1326 2749 1406 2833 legi-

258 2858 328 2923 onis
361 2880 436 2922 suae
469 2859 612 2941 grauiter
644 2857 770 2938 saucio,
802 2856 944 2936 aquilam
976 2855 1096 2918 umeris
1129 2855 1252 2918 subisse
1284 2855 1406 2938 diuque

205 2961 245 3029 ll
256 2970 410 3049 portasse.
455 2963 518 3026 hoc
546 2965 630 3027 bello
659 2984 731 3025 cum
760 2961 886 3024 Hirtius
913 2961 947 3024 in
975 2963 1054 3043 acie,
1082 2961 1187 3025 Pansa
1209 2963 1306 3046 paulo
1330 2969 1406 3046 post

257 3095 296 3134 ex
329 3071 461 3134 uulnere
493 3071 666 3152 perissent,
702 3091 814 3132 rumor
845 3067 1021 3131 increbruit
1058 3068 1170 3132 ambos
1208 3090 1305 3152 opera
1337 3070 1406 3133 eius
1421 3085 1446 3126 11
1543 3079 1544 3094 ’

330 3308 360 3354 11
385 3301 459 3354 Oros.
485 3300 528 3352 VI
545 3302 617 3363 18,3
640 3297 778 3350 Antonius
799 3313 815 3349 a
835 3299 934 3348 senatu
957 3295 1046 3349 hostis
1065 3298 1264 3366 pronuntiatus
1284 3296 1315 3350 D.
1337 3297 1405 3350 Bru-

257 3384 318 3434 tum
338 3381 413 3449 apud
431 3379 571 3431 Mutinam
595 3377 740 3430 obsidione
765 3375 946 3429 concluserat.
1022 3383 1054 3429 16
1075 3378 1192 3446 Eutrop.
1213 3378 1276 3431 VII
1291 3383 1305 3430 1
1325 3377 1404 3430 missi

258 3462 295 3514 ad
315 3478 377 3512 eum
397 3458 619 3527 persequendum
639 3458 693 3508 duo
714 3456 852 3519 consules,
877 3456 969 3509 Pansa
988 3459 1017 3509 et
1035 3457 1156 3524 Hirtius,
1176 3460 1204 3511 et
1224 3456 1404 3510 Octauianus.

261 3544 335 3596 Oros.
356 3541 400 3592 VI
415 3546 459 3602 18,
476 3544 492 3591 3
512 3538 639 3589 consules
658 3536 766 3589 Hirtius
791 3540 819 3589 et
842 3536 933 3589 Pansa
958 3540 1068 3589 etcum
1091 3537 1135 3590 his
1155 3537 1257 3590 Caesar
1280 3538 1316 3590 ad
1335 3537 1404 3591 libe-

258 3621 376 3674 randum
394 3619 509 3670 Brutum
524 3617 797 3684 expugnandumque
812 3617 966 3668 Antonium
980 3617 1066 3670 missi.
1136 3623 1169 3668 24
1187 3618 1304 3686 Eutrop.
1318 3619 1379 3671 VH
1388 3622 1404 3669 1

259 3701 354 3754 euenit
374 3741 379 3750 .
396 3740 400 3749 .
418 3740 423 3750 .
443 3702 475 3749 ut
494 3698 614 3749 uictores
634 3696 760 3749 consules
781 3697 862 3749 ambo
881 3700 1062 3750 morerentur.
1096 3714 1182 3765 quare
1196 3699 1252 3750 tres
1267 3697 1404 3751 exercitus

259 3781 307 3832 uni
328 3779 440 3831 Caesari
460 3780 586 3844 Augusto
605 3779 758 3844 paruerunt
777 3778 884 3844 (paullo
903 3779 995 3843 stralus
1016 3778 1089 3830 Oros.
1112 3778 1154 3830 VI
1171 3782 1214 3844 18,
1230 3781 1254 3830 4.
1271 3780 1305 3846 5).

333 3999 346 4044 1
367 3993 406 4062 ct]
427 3991 475 4044 sed
491 3991 607 4058 Bentley
687 3989 871 4058 5petitorem
886 3997 949 4057 post
968 3990 1151 4042 candidatum
1169 3992 1233 4044 odd.
1255 3992 1323 4055 HR,
1344 3997 1405 4060 post

260 4078 292 4126 tr.
313 4073 350 4140 pl.
367 4072 435 4125 P²T
450 4073 548 4140 (plesse
568 4070 585 4122 i.
600 4070 750 4138 petitorem
765 4071 852 4123 adcor.
869 4071 899 4122 la
914 4072 936 4137 ε)
1003 4075 1018 4122 8
1038 4068 1245 4123 translaticium
1259 4071 1348 4139 (trab)
1363 4071 1405 4123 ius

260 4153 318 4205 ulla
337 4170 349 4204 e
369 4153 425 4205 cod.
450 4153 614 4204 Tornuccasl
633 4151 712 4216 offert
733 4151 889 4204 Glareanus
908 4152 956 4217 (sic
972 4153 1094 4218 priorum
1117 4149 1156 4203 ed.
1177 4153 1212 4205 R.
1233 4151 1405 4219 Stephanus),

260 4232 457 4297 translatiuum
481 4232 510 4282 in
531 4230 603 4283 sulla
624 4231 660 4282 M
663 4273 670 4296 ,
694 4229 863 4282 tralaticium
889 4230 918 4281 in
938 4230 1010 4282 sulla
1029 4230 1112 4298 (sylla
1133 4231 1171 4295 G,
1194 4230 1255 4284 sula
1275 4233 1302 4300 d)
1323 4231 1405 4294 Glld,

259 4311 430 4367 tralaticium
442 4310 645 4379 (translatiuum
658 4312 682 4363 T
684 4327 692 4375 )
703 4309 762 4363 ulla
770 4315 798 4361 X
800 4309 817 4375 ‘,
831 4310 1004 4362 tralaticium
1018 4327 1118 4363 munus
1129 4312 1248 4381 Modolp
1294 4317 1309 4364 9
1324 4311 1353 4364 in
1363 4313 1404 4382 re]

260 4394 366 4448 nireT
437 4397 469 4444 10
489 4393 564 4459 euml
585 4408 647 4442 oum
668 4391 734 4444 MG
809 4388 969 4443 14haoX‘
1045 4395 1077 4443 15
1098 4389 1405 4456 acX'‚autMGT‹l,

259 4480 322 4542 tort.
339 4473 423 4540 alque
498 4477 530 4522 lt
550 4469 672 4522 exercitu
693 4470 718 4522 G
791 4475 824 4521 24
844 4472 872 4521 et
891 4484 979 4537 pansa
1000 4470 1034 4534 G,
1052 4486 1198 4538 pansaque
1217 4473 1309 4539 (pens-
1330 4471 1407 4540 ΘΤ
