3166 5106
261 291 323 355 178
611 289 638 343 C.
660 289 816 342 SVETONI
835 289 1056 353 TRANQVILLI

258 457 355 519 etiarn
373 455 500 518 nudam.
533 453 648 516 uxorio
669 453 799 516 nomine
818 451 967 536 dignatus
986 456 1034 516 est
1053 455 1167 536 lquam
1188 455 1323 536 enixam,
1342 476 1408 518 uno
1554 435 1557 450 Α

258 566 355 644 atque
379 561 490 624 eodem
514 559 566 623 die
588 559 751 643 professus
775 564 808 623 et
831 561 982 622 maritum
1006 580 1039 623 se
1067 560 1134 624 eius
1158 564 1190 624 et
1213 565 1337 642 patrem
1360 561 1409 624 in·

222 687 238 732 4
258 659 356 732 fantis
381 662 420 732 err
444 670 604 730 conatae.
645 666 803 729 infantem
827 670 942 747 autern,
965 663 1081 730 Iuliam
1101 664 1277 730 Drusillam
1301 667 1409 750 appel·

257 775 370 859 latam,
403 763 461 857 per
494 774 638 836 omnium
671 771 801 836 dearum
833 772 954 855 templa
987 773 1211 836 circumferens
1243 772 1409 837 Mineruae

258 883 381 966 gremio
409 879 565 963 imposuit
593 879 803 961 alendamque
835 882 866 942 et
899 878 1129 942 instituendam
1162 880 1409 943 commendauit.
1440 908 1452 947 5
1556 955 1557 968 ἦ

257 1010 317 1053 nee
341 987 408 1051 ullo
432 985 574 1049 firmiore
598 984 717 1048 indicio
742 985 790 1047 sui
815 986 946 1050 seminis
965 1007 1033 1050 esse
1053 985 1201 1050 credebat
1219 1008 1315 1070 quam
1335 986 1410 1048 feri·

258 1094 344 1172 tatis,
368 1115 449 1176 quae
473 1093 522 1156 illi
547 1113 674 1174 quoque
698 1095 789 1155 tanta
812 1093 876 1155 iam
899 1097 976 1156 tunc
996 1097 1073 1176 erat,
1096 1096 1132 1155 ut
1150 1093 1277 1156 infestis
1297 1093 1410 1177 digitis
1556 1083 1557 1086 ¹

205 1200 316 1265 260ra
340 1204 372 1263 et
397 1199 508 1262 oculos
533 1198 629 1262 simul
652 1198 832 1262 ludentium
856 1198 1029 1262 infantium
1050 1201 1231 1264 incesseret.
1277 1199 1348 1262 leue
1372 1222 1411 1263 ac

257 1306 413 1392 frigidum
448 1307 490 1368 sit
522 1305 573 1368 his
607 1304 734 1387 addere,
769 1326 832 1387 quo
866 1308 1066 1388 propinquos
1098 1307 1282 1387 amicosque
1313 1310 1410 1388 pacto

257 1413 454 1495 tractauerit,
479 1412 700 1476 Ptolemaeum
719 1411 805 1496 regis
824 1410 922 1475 Iubae
940 1412 1054 1494 filium,
1072 1412 1299 1476 consobrinum
1314 1435 1410 1476 suum
1428 1442 1455 1480 ιο
1556 1437 1557 1490 3

257 1558 301 1566 —
325 1523 393 1582 erat
417 1520 501 1582 enim
525 1523 557 1581 et
581 1518 609 1580 is
632 1517 674 1582 M.
693 1517 818 1581 Antoni
842 1540 880 1581 ex
905 1517 1017 1582 Selene
1040 1518 1107 1581 filia
1128 1539 1229 1602 nepos
1252 1557 1296 1566 -
1319 1523 1350 1582 et
1374 1520 1411 1586 in

258 1627 371 1710 primis
399 1627 505 1708 ipsum
535 1624 733 1707 Macronem,
763 1625 866 1707 ipsam
897 1623 1048 1708 Enniam,
1079 1625 1240 1689 adiutores
1268 1626 1411 1709 imperii:

259 1732 377 1816 quibus
393 1731 542 1796 omnibus
557 1753 615 1814 pro
630 1730 876 1794 necessitudinis
891 1731 959 1794 iure
973 1753 1095 1814 proque
1105 1731 1294 1795 meritorum
1304 1731 1411 1817 gratia

259 1843 391 1904 cruenta
413 1859 500 1902 mors
524 1837 689 1921 persoluta
712 1840 769 1900 est.

223 1964 238 2011 2
346 1945 459 2011 Nihilo
484 1945 681 2008 reuerentior
705 1944 848 2008 leniorue
872 1965 949 2029 erga
971 1949 1127 2028 senatum,
1150 1947 1307 2028 quosdam
1325 1967 1410 2008 sum·
1425 1974 1452 2013 15
1556 1971 1557 2028 q

258 2053 320 2116 mis
348 2051 528 2117 honoribus
556 2049 686 2114 functos
716 2051 755 2113 ad
783 2050 929 2114 essedum
959 2050 1021 2113 sibi
1049 2073 1174 2114 currere
1197 2056 1328 2137 togatos
1351 2075 1410 2135 per

258 2159 382 2242 aliquot
411 2180 566 2241 passuum
597 2156 687 2220 milia
719 2160 751 2219 et
781 2157 909 2220 cenanti
941 2157 1036 2220 modo
1067 2157 1107 2220 ad
1135 2157 1282 2241 pluteum
1313 2159 1409 2222 modo

259 2267 298 2330 ad
326 2266 423 2348 pedes
451 2268 536 2327 stare
565 2263 746 2327 succinctos
774 2263 874 2327 linteo
897 2285 1012 2346 passus
1035 2267 1098 2347 est,
1125 2265 1205 2327 alios
1230 2286 1303 2328 curn
1327 2265 1409 2328 clam

259 2372 487 2455 interemisset,
517 2371 616 2434 citare
639 2369 742 2434 nihilo
767 2370 873 2432 minus
897 2376 933 2435 ut
956 2371 1048 2434 uiuos
1071 2373 1305 2455 perseuerauit,
1332 2395 1409 2455 pau-

225 2496 239 2542 3
261 2500 314 2542 cos
338 2481 412 2560 post
440 2478 506 2541 dics
535 2475 718 2540 uoluntaria
741 2480 845 2539 morte
873 2477 994 2559 perisse
1017 2477 1178 2541 mentitus.
1221 2479 1409 2542 consulibus
1425 2508 1452 2546 so

259 2584 370 2648 oblitis
399 2584 436 2646 de
463 2582 564 2646 natali
596 2604 654 2646 suo
685 2583 807 2647 edicere
835 2583 1006 2668 abrogauit
1034 2583 1258 2668 magistratum
1282 2586 1409 2668 fuitque

259 2713 315 2774 per
342 2690 484 2753 triduum
509 2690 577 2752 sine
606 2712 731 2754 summa
753 2693 914 2773 potestate
942 2711 991 2753 res
1014 2713 1043 2773 p.
1086 2695 1288 2772 quaestorem
1315 2713 1407 2755 suum

258 2799 293 2861 in
316 2797 538 2860 coniuratione
560 2798 763 2861 nominatum
787 2797 965 2881 flagellauit
984 2801 1072 2860 ueste
1092 2797 1232 2860 detracta
1252 2797 1408 2861 subiecta·

128 2954 137 2983 ,
260 2926 321 2986 que
345 2903 487 2967 militum
511 2903 655 2987 pedibus,
679 2925 743 2985 quo
768 2904 860 2966 firme
883 2904 1083 2966 uerberaturi
1106 2904 1300 2969 insisterent.

74 3007 84 3107 ¹l
182 2991 239 3075 *⁴4
349 3009 454 3074 Simili
489 3009 639 3093 superbia
673 3009 892 3092 uiolentiaque
931 3014 1053 3074 ceteros
1088 3010 1238 3074 tractauit
1271 3009 1451 3078 ordinasse
1556 3045 1557 3094 3

74 3110 78 3119 ’
258 3117 456 3200 inquietatus
487 3117 619 3179 fremitu
650 3117 790 3202 gratuita
822 3117 856 3180 in
889 3118 972 3182 circo
1004 3117 1075 3181 loca
1108 3118 1146 3180 de
1178 3117 1282 3181 media
1313 3121 1409 3180 nocte

259 3223 495 3307 occupantium,
520 3223 624 3287 omnis
647 3224 788 3288 fustibus
813 3223 934 3308 abegit3
962 3224 1032 3287 elisi
1056 3245 1113 3306 per
1135 3247 1208 3288 eum
1232 3223 1408 3287 tumultum

259 3331 377 3416 uiginti
392 3329 530 3414 amplius
549 3328 672 3411 equites
688 3329 735 3413 R,
754 3331 889 3392 totidem
908 3335 1080 3414 matronae,
1101 3353 1197 3413 super
1208 3331 1408 3394 innumeram

205 3501 209 3507 ,
258 3437 387 3500 turbam
419 3440 565 3500 ceteram.
615 3435 768 3500 scaenicis
798 3436 897 3518 ludis,
931 3437 1015 3500 inter
1044 3436 1170 3519 plebem
1205 3441 1237 3500 et
1267 3436 1408 3519 equitem

259 3531 471 3540 ‚----————

332 3573 347 3620 3
367 3569 401 3632 cf.
422 3569 459 3620 ud
473 3585 502 3635 p.
519 3571 582 3630 176,
593 3572 629 3618 16

335 3698 347 3743 1
369 3709 454 3758 qnam
480 3691 592 3744 enixam
614 3699 676 3758 post
699 3691 803 3742 nudam
830 3692 962 3745 collocant
986 3695 1010 3743 Τ
1026 3693 1135 3760 (ai-alp),
1164 3708 1220 3743 non
1246 3692 1324 3760 prius
1346 3699 1409 3759 post

259 3771 371 3824 nomine
397 3772 526 3824 eccidisse
546 3773 656 3823 cicietur
674 3772 788 3836 Rotlu'o,
814 3772 891 3824 haud
917 3774 981 3824 ante
1003 3778 1063 3838 post
1087 3772 1192 3823 nudam
1214 3771 1296 3836 Oad.;
1323 3787 1408 3838 quam

259 3859 416 3921 corruptum
427 3859 510 3919 putat
525 3852 658 3905 Bdcbelcr
672 3851 808 3904 coaicicas
822 3851 998 3922 qua<rtu>m
1013 3853 1057 3905 acl
1070 3852 1170 3917 quarto
1246 3857 1260 3902 3
1280 3853 1349 3904 nata
1366 3853 1408 3915 M,

259 3932 319 3984 nati
335 3933 387 3984 ΧΗ
443 3938 457 3983 6
478 3931 583 3983 indicio
597 3930 672 3984 ῬῬ2
687 3929 730 3998 (al
744 3930 848 3983 iudicio
860 3931 907 3997 11²,
922 3933 961 3983 sic
978 3933 1101 4001 Bentley,
1115 3932 1149 3996 of.
1161 3949 1190 3998 p.
1203 3935 1264 3996 164,
1275 3936 1331 3998 10),
1347 3937 1407 3998 post

258 4012 380 4064 feritatis
394 4013 474 4064 habet
485 4012 509 4064 G
521 4013 608 4064 nescio
626 4029 663 4064 aa
679 4012 781 4075 inclitis,
797 4029 846 4064 oua
860 4012 961 4065 MLP¹
972 4013 1015 4078 (cf.
1028 4011 1120 4064 Herm.
1130 4015 1166 4064 36
1172 4029 1201 4079 p.
1212 4013 1279 4078 296)
1336 4017 1351 4064 8
1366 4013 1406 4064 in-

260 4092 374 4144 cesserit
390 4093 423 4156 L,
443 4094 590 4158 appeteret
604 4093 637 4144 N
702 4097 747 4142 ·11
768 4091 803 4143 iis
820 4092 891 4156 MR,
910 4091 953 4143 his
974 4092 1006 4145 81
1087 4091 1202 4144 antonio
1218 4093 1255 4145 M
1258 4091 1274 4156 ¹,
1299 4091 1407 4144 antonii

260 4171 308 4224 Μ2
322 4173 367 4223 rel.
432 4171 531 4241 helene
551 4174 605 4238 (uel
623 4187 678 4236 -nc,
698 4172 716 4222 h
737 4174 767 4224 iu
782 4173 803 4225 S
816 4189 860 4236 ss,
878 4171 941 4224 leue
960 4173 993 4240 Τ)
1010 4177 1038 4224 Χ
1106 4177 1138 4224 16
1158 4187 1301 4224 occurrere
1323 4170 1405 4234 T'P²‚

260 4265 402 4302 accurrere
419 4251 534 4303 Cusoub.
610 4257 641 4303 19
657 4255 688 4304 ut
702 4251 783 4303 uiuos
803 4269 852 4304 oua
870 4269 895 4316 ς,
909 4253 958 4304 del.
975 4253 1090 4320 Beatley
1163 4257 1196 4303 20
1212 4250 1405 4322 <e>mentitus

179 4362 184 4370 ·
260 4332 375 4396 Bentley
393 4331 455 4394 sort.
471 4337 538 4382 recte
594 4337 627 4382 24
646 4347 702 4398 qua
721 4330 798 4382 firme
816 4333 857 4384 uid
871 4333 1034 4399 potiusquo
1050 4330 1153 4384 firmius
1170 4332 1258 4384 Pololc
1313 4337 1346 4382 25
1365 4331 1405 4382 in·

259 4409 434 4476 scientiaque
454 4412 570 4479 Bentley
