3108 5102
496 375 724 430 DOMITIANVS
744 386 809 436 [err.
825 387 912 437 rr-m]
1214 377 1277 440 351

131 560 216 622 quae
243 542 354 603 tamen
382 541 416 625 ei
438 539 617 604 ualitudine
644 541 743 627 longa
768 544 1016 606 rememorant,
1062 540 1317 604 commentaria

64 629 68 636 ³
126 667 166 709 se
189 646 381 710 uerecundia
405 647 470 710 oris
493 648 572 712 adeo
596 647 763 730 sentiebat,
786 649 824 710 ut
842 647 929 731 apud
948 650 1094 710 senatum
1115 647 1160 712 sic
1180 669 1278 729 quon·

125 755 203 816 dam
235 753 416 818 iactauerit:
450 775 571 836 usque
600 755 722 818 adhoc
755 757 859 818 certe
890 759 927 818 et
956 753 1122 818 animum
1155 757 1277 818 meum

122 853 330 944 probastis
350 864 387 924 et
404 857 515 925 uultu
523 884 563 924 m.
606 859 736 925 caluitio
755 862 801 925 ita
820 860 1049 945 offendebatur,
1068 864 1105 924 ut
1119 860 1154 924 in
1168 863 1279 926 contu-

55 1049 59 1057 ·
93 965 258 1032 emeliam
282 987 372 1030 suam
391 967 541 1050 traheret,
565 966 593 1030 si
617 967 669 1032 cui
688 967 743 1032 alii
763 968 833 1031 ioco
853 966 905 1030 uel
924 967 1030 1053 iurgio
1050 965 1278 1050 obiectaretur3

125 1071 280 1156 quamuis
294 1071 414 1156 libello,
434 1095 528 1156 quem
549 1073 592 1138 de
611 1093 701 1138 cura
715 1073 946 1157 capillorum
960 1074 999 1136 ad
1015 1074 1154 1139 amicum
1168 1073 1280 1157 edidit,

124 1180 207 1242 haec
230 1178 337 1263 etiam,
361 1180 457 1243 simul
480 1180 573 1244 illum
593 1201 691 1263 seque
711 1180 890 1263 consolans,
912 1181 1083 1246 inseruerit
1105 1181 1277 1264 (Hamil.

123 1292 179 1369 21,
203 1287 299 1368 108>=
1306 1287 1308 1292 ¹

288 1393 350 1476 οὐχ
373 1390 526 1479 ὀρά<ᾳ>ς,
550 1385 620 1470 οἷος
643 1393 733 1477 κάγὼ
756 1397 856 1470 καλός
878 1417 912 1458 τε
936 1393 1036 1476 μέγας
1059 1413 1111 1470 τε;

82 1517 256 1583 roeadem
291 1522 504 1600 metamen
538 1522 689 1582 manent
722 1519 953 1603 capillorum
984 1518 1079 1601 fata,
1111 1521 1147 1582 et
1178 1517 1275 1582 forti

123 1625 252 1688 animo
271 1625 355 1689 fero
378 1647 520 1692 comam
535 1625 574 1688 in
588 1625 854 1690 adulescentia
869 1629 1137 1692 senescentem.
1175 1624 1275 1689 scias

122 1753 193 1814 nec
216 1731 367 1818 gratius
393 1732 596 1815 quiequam
620 1732 753 1797 decore
776 1754 844 1797 nec
867 1733 1032 1796 breuius.
1073 1731 1195 1796 laboris
1214 1729 1331 1796 ini-19

123 1840 251 1922 patiens
281 1837 419 1923 pedibus
446 1861 504 1923 per
531 1839 645 1904 urbem
672 1861 739 1903 non
766 1844 886 1904 temere
910 1839 1098 1922 ambulauit,
1126 1839 1160 1902 in
1183 1860 1275 1922 expe·
1360 1835 1367 1848 ⁴

124 1945 248 2008 ditione
280 1949 312 2009 et
345 1945 472 2032 agmine
505 1967 590 2028 equo
622 1945 736 2029 rarius,
767 1929 882 2011 lectica
914 1946 1040 2010 assidue
1072 1931 1185 2009 dectus
1217 1949 1274 2010 est.

80 2073 289 2116 marmorum
318 2052 419 2136 nullo,
449 2051 639 2137 sagittarum
671 2053 724 2116 uel
754 2055 926 2137 praecipuo
957 2053 1064 2116 studio
1096 2035 1262 2117 tenebatur

42 2179 46 2184 ·
126 2162 274 2223 centenas
306 2159 389 2223 uarii
421 2159 547 2245 generis
578 2159 663 2223 feras
696 2181 790 2243 saepe
821 2160 855 2222 in
885 2159 1012 2223 Albano
1045 2181 1170 2224 secessu
1201 2181 1274 2223 con-

125 2265 285 2329 ficientem
316 2269 502 2350 speetauere
534 2267 681 2350 plerique
711 2270 807 2349 atque
838 2268 936 2330 etiam
967 2289 1006 2330 ex
1038 2267 1197 2330 industria
1227 2266 1275 2330 ita

123 2373 323 2454 quarundam
353 2374 459 2457 capita
485 2374 652 2459 figentem,
679 2379 717 2438 ut
744 2373 869 2438 duobus
893 2373 1011 2437 ictibus
1036 2373 1128 2456 quasi
1152 2393 1274 2438 cornua
1318 2359 1320 2364 ⁵

121 2477 271 2542 efficeret.
311 2501 554 2562 nonnumquam
578 2480 611 2544 in
634 2481 726 2564 pueri
749 2482 864 2564 procul
887 2481 1003 2544 stantis
1022 2479 1273 2565 praebentisque

79 2609 105 2648 ao
121 2607 183 2668 pro
208 2585 341 2668 scopulo
365 2587 548 2670 dispansam
569 2588 717 2652 dexterae
736 2609 849 2652 manus
867 2588 1009 2671 palmam
1028 2589 1163 2673 sagittar
1182 2591 1273 2652 tanta

120 2696 191 2756 arte
216 2691 349 2778 derexit,
376 2698 413 2756 ut
436 2713 547 2757 omnes
570 2716 629 2777 per
647 2693 817 2758 interualla
841 2693 1017 2784 digitorum
1040 2695 1177 2758 innocue
1201 2716 1272 2758 ena-

119 2796 242 2863 dcrent.
903 2784 911 2816 ⁷

210 2905 372 2970 Liberalia
390 2907 496 2970 studia
515 2907 642 2990 imperii
661 2907 755 2978 initio
773 2907 926 2992 neglexit,
951 2930 1136 2991 quanquam
1154 2907 1327 2986 81811820

118 3015 233 3077 thecas
268 3013 416 3077 incendio
454 3013 640 3097 absumptas
677 3013 912 3098 impensissime
941 3036 1089 3098 reparare
1121 3021 1271 3100 curasret,

78 3143 101 3182 aa
117 3119 357 3203 exemplaribus
383 3121 526 3203 undiquc
549 3122 660 3206 petitis
683 3120 856 3204 missisque
880 3120 1116 3186 Alexandream
1140 3124 1196 3205 qui
1220 3124 1271 3186 de-

117 3225 297 3294 scriberent
316 3229 596 3309 emendarentque.
633 3249 810 3310 numquam
829 3231 939 3291 tamen
957 3232 1013 3291 aut
1031 3228 1185 3296 historiae
1204 3251 1270 3294 car-

192 3441 233 3490 15.
246 3441 278 3490 19
294 3439 371 3506 Epir.
384 3443 425 3503 11,
437 3442 454 3492 5
465 3439 632 3508 sagittarum
644 3441 703 3491 tam
714 3438 812 3492 doctus
823 3438 885 3505 firit,
900 3441 932 3491 ut
941 3438 1015 3492 inter
1024 3442 1153 3508 patentes
1165 3440 1271 3510 digitos

115 3519 248 3570 extentae
263 3535 362 3571 manus
376 3518 431 3571 uiri
445 3519 543 3588 procul
557 3519 643 3588 positi
658 3519 767 3588 spicula
780 3519 995 3572 transuolarent.
1056 3525 1089 3572 23
1110 3520 1271 3588 Epit.11,4

67 3623 70 3634 ·
114 3597 304 3651 bibliothecas
319 3598 448 3652 incendio
463 3602 642 3668 consumptas
656 3599 754 3669 petitis
768 3599 900 3668 undique,
915 3599 1080 3667 praesertim
1090 3599 1270 3668 Alexandria,

16 3739 17 3742 Ἴ
115 3677 253 3745 exemplis
272 3679 423 3748 reparauit.

16 3911 24 3936 3..
190 3879 204 3925 1
219 3872 395 3927 ualitudine*
412 3876 450 3928 M
536 3877 744 3928 remarcuerunt
760 3876 793 3940 G,
814 3879 1007 3929 emacruerant
1023 3877 1153 3946 Bentley,
1172 3877 1271 3931 Duker

16 4021 17 4026 1
116 3951 254 4021 (longiore
268 3955 515 4023 maor--leraeudu
620 3955 795 4025 tgestiebat
809 3957 945 4010 Heinsius
1049 3955 1175 4009 3adhue
1190 3956 1267 4022 11105

115 4032 206 4100 (cdd),
226 4031 259 4083 al
274 4032 375 4088 hocas.
391 4033 433 4087 Π2
492 4037 620 4088 οΐοΜ
682 4041 749 4089 tes.
764 4053 821 4089 non
836 4038 913 4104 (num
928 4034 970 4104 8²)
985 4035 1065 4089 uides
1080 4036 1267 4104 tuquomodo

116 4129 169 4180 ego
183 4111 273 4165 bonus
288 4115 316 4166 et
330 4131 448 4182 magnus
464 4115 494 4166 iu
509 4115 558 4169 LS
633 4121 665 4168 10
685 4133 729 4168 me
744 4118 859 4169 manent
873 4118 966 4170 tamen
983 4116 1088 4183 POST,
1107 4118 1203 4169 tamen
1221 4134 1268 4169 me

115 4195 231 4244 manent
246 4213 269 4259 p,
289 4211 333 4247 me
352 4196 448 4248 tamen
467 4197 612 4248 remanent
625 4198 656 4248 11
717 4195 794 4248 facta
808 4200 837 4248 X
898 4201 930 4250 19
951 4196 1097 4266 effingeret
1111 4197 1269 4251 Beroaldus

116 4277 150 4322 20
174 4289 258 4340 scopo
284 4273 438 4342 Stephanus
460 4275 555 4344 (culp.)
656 4275 812 4343 dispansam
836 4277 861 4330 G
960 4282 992 4329 21
1021 4276 1128 4329 derexit
1154 4295 1167 4329 a
1193 4279 1266 4345 (teste

115 4353 358 4422 Preud’bemmio),
378 4354 516 4408 derexerit
533 4355 567 4424 Q,
587 4353 690 4408 direxit
708 4355 788 4424 (dirr-
802 4359 837 4424 P)
857 4358 903 4410 rel.
994 4357 1131 4410 innocuae
1150 4359 1267 4427 Bentley

118 4431 197 4496 Oud„
215 4433 255 4486 sic
273 4435 342 4488 Pet
359 4435 393 4486 H
409 4435 476 4502 (cod.
492 4436 583 4488 Paris.
604 4438 687 4504 8818)
761 4443 794 4489 23
814 4436 926 4504 imperii
944 4453 1012 4492 cerr.
1032 4455 1065 4490 ecc
1087 4437 1205 4506 imperio
1221 4437 1266 4502 M,

115 4513 179 4565 iude
201 4511 318 4580 imperio
342 4513 413 4567 inito
436 4516 553 4586 Bentley
647 4521 682 4567 24
701 4519 857 4586 assumptas
875 4517 939 4570 MT
1026 4507 1150 4586 reparari
1169 4519 1268 4572 Duker
