3136 5100
250 359 315 422 262
603 357 631 413 G.
651 357 809 414 SVETONI
826 359 1049 426 TRANQVI'LLI

251 523 286 586 in
309 521 497 586 defectionis
522 523 616 586 duces
640 524 781 588 carmina
799 522 982 608 lasciueque
1000 523 1174 608 modulata,
1198 547 1279 608 quae
1296 523 1404 609 uulgo

250 633 435 714 notuerunt,
459 629 556 693 etiam
579 629 789 715 gesticulatus
814 633 876 716 est3
900 651 937 696 ec
959 629 1150 715 spectaculis
1174 629 1292 694 theatri
1314 630 1404 694 clam

252 735 371 800 inlatus
396 735 522 800 cuidam
546 736 690 801 scaenico
713 736 854 819 placenti
884 737 1035 802 nuntium
1058 735 1148 801 misit
1178 738 1286 801 abuti
1315 759 1403 800 eum

252 842 575 932 occupationibus
598 843 686 907 suis.

196 944 243 1012 43
339 947 437 1013 Initio
462 949 572 1014 statim
594 949 755 1014 tumultus
777 948 881 1015 multa
905 955 936 1015 11
956 951 1106 1033 inmanis,
1130 972 1242 1014 uerum
1261 972 1327 1013 non
1347 948 1405 1012 ab·
1433 973 1445 1012 s

251 1055 416 1120 horrentia
444 1080 463 1120 a
489 1059 605 1122 natura
633 1079 690 1120 sua
718 1057 858 1121 creditur
886 1057 1074 1121 destinasse:
1103 1078 1300 1122 successores
1329 1077 1404 1139 per-

251 1184 461 1246 cussoresque
491 1163 693 1226 summittere
728 1164 885 1228 exercitus
918 1167 952 1228 et
982 1163 1166 1248 prouincias
1203 1162 1405 1248 regentibus,

252 1270 343 1353 quasi
377 1270 569 1354 conspiratis
601 1269 750 1353 idemque
783 1274 815 1334 et
847 1293 947 1334 unum
980 1269 1210 1354 sentientibus3
1243 1268 1405 1352 quidquid

249 1375 369 1458 ubique
393 1376 537 1459 exulum,
560 1376 715 1459 quidquid
739 1377 774 1441 in
796 1377 875 1440 urbe
898 1377 1066 1440 hominurn
1091 1374 1331 1441 Gallicanorum
1354 1397 1405 1438 es-

251 1486 299 1546 set
328 1483 560 1547 contrucidare:
591 1483 665 1550 illos
692 1505 732 1546 ne
760 1482 1009 1548 desciscentibus
1043 1484 1307 1573 adgregarentur,
1340 1483 1405 1546 hos
1420 1505 1445 1544 11

251 1594 288 1652 11
312 1590 456 1653 11111111
479 1589 684 1673 popularium
708 1613 839 1654 suorum
863 1594 960 1674 atque
982 1580 1137 1674 fautores,
1167 1589 1288 1653 Gallias
1312 1611 1404 1652 exer-

252 1695 369 1760 citibus
390 1695 583 1779 diripiendas
602 1697 801 1782 permittere3
826 1701 972 1761 senatum
993 1698 1181 1761 uniuersum
1199 1717 1324 1760 ueneno
1344 1717 1405 1778 per

252 1803 402 1867 conuiuia
424 1819 550 1889 necare3
573 1804 686 1867 urbem
710 1804 878 1868 incendere
901 1803 978 1868 feris
1002 1804 1036 1868 in
1058 1803 1216 1887 populum
1236 1803 1405 1883 immissis,

214 1925 229 1971 2
252 1921 314 1990 quo
326 1909 490 1974 difficilius
501 1910 754 1974 defenderentur.
787 1911 842 1974 sed
852 1911 1041 1975 absterritus
1050 1931 1117 1974 non
1126 1913 1193 1974 tem
1203 1909 1404 1992 paenitentia
1471 1967 1473 1972 ,

252 2038 348 2098 quam
362 2017 547 2100 perficiendi
562 2017 783 2101 desperatione
798 2017 991 2099 credensque
1006 2017 1244 2100 expeditionem
1257 2037 1404 2080 necessa·
1419 2035 1442 2076 1⁵

250 2124 341 2206 riam,
365 2124 512 2188 consules
527 2129 601 2187 ante
616 2129 743 2207 tempus
762 2123 906 2206 priuauit
923 2124 1045 2188 honore
1065 2127 1161 2205 etque
1180 2123 1214 2187 in
1232 2123 1404 2206 utriusque

251 2228 358 2294 locum
374 2230 462 2294 solus
477 2230 550 2294 iniit
565 2230 777 2314 consulatum,
792 2231 883 2314 quasi
897 2230 995 2294 fatele
1005 2234 1089 2294 11111
1098 2251 1165 2295 non
1173 2251 1268 2313 posse
1280 2227 1404 2292 Gallias
1483 2255 1486 2262 ¹

253 2335 406 2400 debellari
425 2337 489 2400 nisi
508 2360 527 2401 a
546 2337 683 2401 consule.
726 2359 762 2401 ac
780 2339 937 2420 'susceptis
956 2338 1097 2402 fascibus
1115 2339 1276 2419 cumpost
1290 2335 1404 2418 epulas

246 2435 392 2508 ‘triclinio
417 2444 645 2529 digrederetur,
677 2444 806 2511 innixus
835 2444 954 2507 umeris
982 2443 1189 2507 familiarium
1217 2443 1404 2526 affirmauit,

250 2548 439 2634 simulac
462 2551 625 2633 primum
647 2551 886 2634 prouinciam
911 2551 1125 2636 attigisset,
1158 2551 1339 2613 inermem
1365 2570 1403 2612 se
1418 2569 1443 2612 20

251 2657 290 2719 in
313 2662 560 2740 conspectum
584 2658 820 2721 exercituum
843 2658 1086 2740 proditurum
1109 2656 1403 2740 necquicquam

250 2762 356 2826 aliud
381 2786 490 2846 quam
520 2764 719 2848 fleturum,
752 2766 1023 2846 reuocatisque
1051 2764 1095 2826 ad
1122 2764 1402 2846 paenitentiam

250 2869 514 2935 defectoribus
533 2857 762 2954 insequenti⁴
775 2871 835 2935 die
852 2871 995 2934 laetum
1014 2871 1117 2934 inter
1134 2871 1258 2933 laetos
1274 2874 1402 2932 canta-

250 2980 378 3041 turum
393 2979 575 3062 epinicia,
594 3001 688 3061 quae
706 2979 778 3041 iem
793 2999 892 3042 nunc
907 2977 981 3041 sibi
997 2976 1174 3060 componi
1194 2979 1401 3060 oporteret.

198 3076 247 3144 44
344 3083 382 3148 In
409 3086 628 3168 praeparanda
656 3085 858 3168 expeditione
885 3086 1024 3168 primam
1053 3106 1161 3148 eurem
1189 3084 1304 3148 habuit
1327 3083 1402 3147 deli·
1416 3099 1440 3138 2⁵

252 3191 347 3276 gendi
361 3192 511 3256 uehicula
530 3192 695 3276 portandis
715 3192 869 3256 scaenicis
889 3172 1304 3278 organisboncubioasque,
1323 3211 1402 3275 ques

252 3321 360 3362 secum
384 3300 540 3384 educeret,
563 3300 717 3364 tondendi
741 3300 781 3362 ad
803 3298 930 3363 uirilem
950 3299 1081 3362 modum
1101 3303 1134 3362 et
1153 3298 1317 3362 securibus
1335 3297 1402 3380 pel-

251 3407 357 3488 tisque
381 3405 584 3470 Amazonicis
608 3407 796 3470 instruendi.
842 3428 917 3469 mox
939 3405 1044 3469 tribus
1067 3405 1204 3475 urbanas
1233 3405 1272 3468 ad
1301 3426 1402 3468 sacra-

253 3516 398 3575 mentum
422 3513 535 3576 citauit
559 3536 595 3576 ac
617 3513 709 3577 nullo
733 3514 848 3577 idoneo
877 3512 1091 3594 respondente
1117 3516 1240 3576 certum
1254 3493 1401 3575 ¹dominis

254 3640 420 3682 seruorum
443 3642 613 3686 numerum
637 3620 767 3703 indixit3
791 3642 849 3683 nec
872 3620 935 3682 nisi
958 3641 996 3682 ex
1017 3623 1086 3682 tota
1106 3619 1260 3702 cuiusque
1279 3617 1402 3680 familia
1415 3630 1438 3670 ³⁰

252 3725 509 3810 probatissimos,
540 3749 579 3790 ne
610 3726 884 3809 dispensatoribus
909 3725 1038 3809 quidem
1068 3730 1123 3790 eut
1153 3722 1401 3788 amanuensibus

325 3917 357 3964 12
383 3913 475 3966 Victor
495 3912 569 3966 Caes.
585 3915 656 3978 5,14
678 3910 778 3964 urbem
800 3909 945 3976 incendio,
969 3909 1082 3978 plebem
1104 3909 1170 3962 feris
1195 3907 1281 3977 uulgo
1300 3869 1401 3971 1111111,

254 3995 383 4044 senatum
401 3991 464 4060 pari
482 3993 572 4045 morte
596 3990 695 4068 tollere
714 3991 885 4045 decreuerat.
915 3991 950 4056 cf.
968 3990 1043 4044 Oros.
1060 3990 1122 4044 VII
1133 3993 1204 4054 7,13
1223 4003 1341 4056 cumque
1360 3986 1400 4038 in-

254 4070 402 4124 credibilia
420 4071 637 4140 perturbandac,
656 4071 741 4124 immo
761 4071 938 4124 subruendae
956 4070 998 4122 rei
1013 4069 1145 4139 publicae
1158 4067 1235 4121 mala
1248 4065 1403 4122 moliretur·

324 4257 339 4303 2
351 4250 534 4304 innotuerunt
543 4250 598 4320 HQ
671 4255 704 4303 10
714 4266 765 4304 nec
777 4252 814 4304 M
885 4255 918 4302 14
929 4248 1127 4302 defenderetur
1140 4251 1163 4300 Τ
1175 4248 1255 4317 (11111
1265 4247 1402 4301 1111111111

252 4347 338 4399 repre
353 4337 480 4399 quartem
495 4335 520 4396 e)
593 4329 759 4383 absterritus
775 4332 819 4383 est
835 4330 860 4384 G
932 4335 964 4383 18
980 4329 1008 4400 a]
1025 4344 1041 4380 1
1056 4344 1085 4382 11
1101 4345 1117 4388 ς
1132 4327 1229 4382 1111111.
1245 4327 1402 4382 recentiores

253 4416 286 4464 19
303 4409 471 4464 famulorum
485 4412 543 4466 HR
611 4415 643 4463 21
659 4411 722 4480 nec]
738 4427 773 4464 11
788 4414 817 4463 Χ
882 4415 915 4464 22
931 4426 1016 4476 quam
1031 4426 1081 4463 om.
1096 4409 1134 4463 M
1195 4414 1229 4461 24
1245 4409 1402 4476 oporterent

257 4492 318 4557 Μὸ,
338 4491 486 4560 oporteret.
506 4490 544 4543 At
563 4491 679 4560 Bentley
760 4496 793 4543 29
813 4490 913 4544 idonee
933 4491 968 4555 R,
987 4489 1051 4544 ideo
1071 4488 1138 4558 11¹0
1219 4488 1254 4541 de
1272 4486 1356 4540 minis
1378 4485 1402 4541 G
