3136 5100
265 358 330 422 206
488 387 491 392 -
616 358 643 413 c.
665 359 821 414 svamm
839 359 1061 424 raauovrcm

265 521 371 586 studio
392 523 575 586 sciscitandi
595 523 742 605 quisnam
762 528 853 608 esset,
872 524 1098 609 adlcolgnouit
1117 527 1358 607 extractumque
1381 529 1413 587 et

264 651 340 713 prae
369 633 458 693 metu
485 631 525 694 ad
549 651 653 714 genua
680 631 744 694 sibi
771 631 968 695 adcidentem
997 631 1225 714 imperatorem
1249 630 1412 694 salutauit.

264 735 340 799 hinc
367 736 406 800 ad
435 735 515 800 alios
543 736 777 801 commilitones
807 737 992 800 fluctuantis
1019 759 1078 800 nec
1107 737 1279 820 quicquam
1308 737 1413 802 adhuc

265 865 360 926 quam
385 843 551 906 frementis
574 845 732 927 perduxit.
775 844 814 907 ab
839 843 889 907 his
913 844 1044 908 lecticae
1069 845 1238 927 impositus
1263 848 1308 925 et,
1338 845 1412 926 quia

264 950 312 1012 sui
337 950 544 1035 diffugerant,
572 951 716 1014 uicissim
745 951 995 1016 succollantibus
1024 952 1057 1014 in
1086 955 1189 1014 eastra
1213 949 1336 1014 delatus
1365 955 1411 1013 ert
1437 973 1447 1013 a

264 1057 367 1121 tristis
395 1079 432 1121 ac
460 1058 619 1141 trepidus,
647 1057 819 1121 miserante
848 1058 945 1122 obuia
972 1056 1068 1121 turba
1092 1057 1183 1140 quasi
1211 1057 1252 1120 ad
1274 1078 1409 1139 poenam

230 1178 245 1222 3
265 1169 431 1246 raperetur
453 1165 572 1228 insons.
614 1169 760 1248 receptus
788 1165 874 1228 intra
901 1164 1022 1228 uallum
1046 1166 1131 1230 inter
1153 1164 1305 1228 excubias
1331 1164 1410 1228 mili-

264 1274 333 1333 tum
361 1272 576 1354 pernoctauit,
609 1273 773 1354 aliquanto
802 1272 926 1336 minore
955 1293 1011 1354 spe
1044 1293 1140 1354 quam
1171 1271 1296 1334 fiducia.
1338 1293 1410 1334 nam

264 1379 410 1442 consules
434 1400 506 1440 cum
531 1382 643 1442 senatu
667 1383 699 1441 et
717 1377 904 1441 cohortibus
923 1378 1055 1441 urbanis
1075 1379 1181 1444 forum
1201 1375 1411 1461 Capitolium·
1453 1392 1465 1406 ·

264 1506 326 1566 que
349 1489 586 1567 occupauerant
610 1485 763 1548 asserturi
784 1507 984 1549 communem
1005 1485 1202 1567 libertatern,
1226 1484 1410 1567 accitusque
1424 1507 1446 1544 rc

263 1596 295 1654 et
319 1591 388 1673 ipse
412 1613 470 1674 per
488 1596 527 1654 tr.
548 1591 592 1675 pl.
611 1593 644 1654 in
664 1592 783 1656 curiam
806 1593 845 1654 ad
864 1592 1025 1656 suadenda
1049 1613 1129 1674 quae
1153 1591 1349 1673 uiderentur,
1373 1591 1410 1653 ui

227 1710 300 1760 ase
325 1701 362 1760 et
384 1699 618 1762 necessitate
646 1700 770 1762 teneri
794 1699 968 1782 respondit.
1010 1719 1122 1762 uerum
1145 1701 1275 1781 postero
1305 1697 1410 1760 dicet

263 1808 374 1867 senatu
399 1805 544 1890 segniore
574 1805 606 1868 in
631 1806 822 1888 exequendis
847 1805 1015 1869 conatibus
1038 1826 1097 1887 per
1123 1804 1264 1868 taedium
1289 1825 1326 1866 ac
1351 1804 1409 1882 dis-

262 1911 443 1975 sensionem
475 1911 602 1976 diuersa
629 1913 828 1976 censentium
857 1917 888 1975 et
917 1910 1137 1994 multitudine,
1166 1933 1247 1994 quae
1276 1911 1409 1974 circum-

263 2018 382 2102 stabat,
411 2041 509 2082 unum
539 2023 696 2083 rectorem
720 2019 784 2082 iam
809 2025 840 2083 et
863 2019 1055 2082 nominatim
1080 2021 1282 2102 exposcente,
1309 2037 1444 2080 arma-1⁵

262 2130 313 2189 tos
336 2147 395 2208 pro
420 2126 569 2190 contione
593 2126 697 2190 iurare
726 2126 759 2189 in
782 2147 900 2190 nomen
924 2148 1015 2189 suum
1040 2146 1153 2208 passus
1178 2128 1226 2188 est
1248 2124 1408 2206 promisit-

262 2254 323 2315 que
354 2233 489 2318 singulis
521 2233 619 2316 quina
650 2233 730 2296 dena
764 2234 923 2315 sestertia,
956 2233 1079 2315 primus
1111 2230 1282 2295 Caesarum
1313 2231 1407 2294 fidem

262 2338 374 2402 militis
399 2339 495 2402 etiam
520 2341 663 2422 praemio
687 2341 882 2424 pigneratus

208 2446 249 2511 ll
350 2444 490 2529 Imperio
516 2447 659 2510 stabilito
683 2447 765 2510 nihil
790 2448 952 2530 antiquius
969 2446 1069 2508 duxit
1089 2468 1185 2527 quam
1208 2445 1241 2507 id
1265 2444 1406 2526 biduum,

262 2573 324 2633 quo
350 2552 387 2615 de
411 2553 564 2616 mutando
588 2555 635 2616 rei
658 2577 687 2636 p.
713 2557 799 2617 statu
823 2553 1015 2617 haesitatum
1040 2557 1121 2634 erat,
1150 2553 1321 2616 memoriae
1345 2552 1405 2615 exi·
1420 2573 1443 2609 ac

260 2680 353 2722 mere.
402 2659 545 2722 omnium
575 2660 682 2742 itaque
710 2661 870 2724 factorum
900 2660 1123 2742 dictorumque
1153 2659 1185 2721 in
1214 2681 1251 2723 eo
1280 2659 1405 2722 ueniam

261 2770 292 2828 et
325 2764 521 2829 obliuionem
560 2766 592 2829 in
625 2771 816 2849 perpetuum
850 2766 955 2830 sanxit
988 2787 1023 2828 ac
1055 2766 1231 2849 praestitit,
1269 2765 1405 2829 tribunis

260 2871 356 2935 modo
380 2892 416 2934 ac
440 2872 679 2936 centurionibus
707 2873 817 2955 paucis
842 2895 858 2935 e
883 2873 1122 2936 coniuratorum
1151 2873 1185 2935 in
1212 2870 1327 2936 Gaium
1351 2894 1404 2934 nu-

331 3016 414 3079 8sqq.
437 3012 529 3064 Victor
545 3013 750 3081 Oces.3,183q.
766 3011 841 3079 quod
856 3010 905 3064 ubi
920 3014 1014 3079 patres
1035 3027 1176 3080 accepere,
1195 3011 1314 3064 mittunt
1328 3010 1405 3063 ocius

260 3091 283 3142 si
303 3090 431 3144 ualerent
451 3107 548 3144 ausum
574 3093 763 3160 comprimere.
808 3092 857 3145 sed
876 3093 1026 3160 postquam
1044 3091 1132 3144 uariis
1155 3092 1312 3159 taetrisque
1334 3089 1405 3142 sedi-

259 3171 383 3225 tionibus
411 3171 512 3224 ciuitas
536 3172 685 3239 cunctique
710 3172 821 3226 ordines
843 3172 1054 3238 lacerabantur,
1078 3173 1215 3240 tanquam
1235 3187 1268 3224 ex
1287 3170 1405 3238 imperio

260 3267 355 3304 ornnes
382 3251 484 3304 dedere
515 3268 552 3306 se.
596 3253 669 3306 Oros.
687 3254 860 3320 V116‚3sq.
886 3269 949 3304 cum
978 3252 1127 3305 interiecto
1155 3249 1284 3321 Caligula
1315 3249 1405 3302 multa

260 3332 294 3384 de
314 3331 477 3399 abrogando
497 3331 615 3400 imperio
635 3349 667 3385 ac
686 3349 716 3386 re
735 3332 849 3401 publica
868 3331 897 3384 in
917 3331 1065 3399 antiquum
1085 3332 1211 3385 ordinem
1229 3331 1405 3385 restituenda

259 3413 468 3479 euerrendaque
490 3413 603 3479 penitus
628 3412 778 3466 Caesarum
802 3413 934 3465 uniuersa
957 3411 1067 3464 familia
1090 3413 1204 3465 senatus
1230 3413 1258 3464 et
1277 3410 1404 3463 consules

259 3492 457 3555 decreuissent,
478 3491 611 3545 Claudius
630 3510 694 3545 mox
709 3495 740 3544 ut
760 3493 936 3545 confirmauit
955 3493 1112 3561 imperium,
1131 3507 1236 3561 magna
1250 3493 1335 3560 atque
1356 3490 1404 3541 ad·

258 3572 313 3624 huc
328 3572 434 3624 Rornae
453 3572 597 3641 incognita
616 3587 682 3625 usus
702 3572 864 3639 clementia,
885 3588 920 3624 ne
939 3573 1097 3626 intentam
1120 3571 1258 3624 nobilium
1277 3562 1403 3623 multitu-

259 3652 353 3704 dinem
372 3651 456 3714 ultio‚
476 3654 499 3704 si
519 3656 593 3706 esset
612 3655 723 3721 coepta,
744 3653 878 3717 saeuiret,
898 3655 924 3719 (t.
941 3655 985 3720 19)
1000 3652 1117 3705 biduum
1136 3651 1220 3718 illud,
1235 3668 1290 3718 quo
1311 3651 1345 3703 de
1364 3650 1404 3702 rei

257 3731 389 3799 publicae
404 3735 479 3785 statu
495 3733 645 3788 infeliciter
656 3733 845 3786 consultatum
860 3736 1010 3801 actumque
1021 3733 1121 3797 fuerat,
1136 3732 1287 3786 memoriae
1302 3729 1404 3783 exemit

258 3811 436 3879 omniumque
451 3812 588 3866 factorum
600 3813 773 3866 dictorumue
792 3814 822 3864 in
841 3829 873 3866 eo
894 3813 1005 3865 ueniam
1021 3815 1049 3866 et
1068 3812 1237 3866 obliuionem
1256 3813 1285 3863 in
1305 3826 1403 3880 perpe·

257 3894 337 3944 tuum
356 3893 455 3945 sanxit.

331 4015 342 4059 1
360 4009 531 4078 adcognouit
546 4013 617 4077 (acc-
629 4008 734 4076 WB)
746 4011 780 4073 a,
799 4009 917 4077 agnouit
931 4010 974 4067 Τς
989 4010 1034 4076 (cf.
1049 4011 1122 4078 Aac.
1134 4011 1188 4076 65),
1206 4008 1274 4060 delet
1286 4008 1402 4076 Mudoip

258 4088 345 4156 lepeas
363 4093 518 4142 extractum
538 4092 566 4142 et
638 4090 677 4159 et]
698 4104 730 4141 ac
747 4089 771 4142 G
845 4095 877 4141 11
897 4088 927 4140 in
951 4089 1057 4141 curiam
1077 4088 1165 4142 ocuG
1240 4094 1271 4139 12
1291 4090 1401 4155 postero

257 4185 323 4221 uero
343 4169 389 4221 die
409 4173 508 4222 senatu
527 4173 550 4222 Y
639 4175 671 4221 13
692 4169 864 4223 dissensione
882 4169 907 4222 G
999 4175 1030 4221 15
1051 4185 1114 4222 eum
1133 4171 1265 4236 poscente
1286 4168 1400 4221 Ousuub.

257 4253 379 4302 armatos
395 4251 455 4317 HQ,
476 4253 600 4302 armatus
615 4251 660 4303 rel.
678 4253 734 4318 (ti),
754 4251 793 4302 sic
808 4256 902 4302 ettam
917 4249 1003 4302 iurari
1018 4251 1134 4318 Bentley
1208 4253 1239 4301 1⁷
1260 4247 1401 4315 quindena

259 4329 339 4394 GST,
358 4349 392 4380 xx
408 4331 523 4383 Ernesti
600 4335 632 4382 18
651 4329 756 4382 milites
777 4331 898 4396 MGRd,
922 4329 1018 4382 multis
1035 4332 1068 4394 ll,
1088 4328 1134 4381 uel
1153 4327 1239 4380 militi
1262 4327 1362 4380 militis
1380 4326 1402 4378 T

257 4415 290 4460 20
306 4411 366 4461 erat
385 4427 434 4462 om.
452 4411 477 4463 G
573 4417 604 4462 21
626 4411 800 4462 dictorumue
817 4411 842 4463 G
862 4411 969 4478 (Orosi,
988 4411 1022 4476 cs.
1033 4427 1064 4478 p.
1078 4413 1143 4474 208,
1162 4412 1196 4462 21
1300 4413 1333 4460 23
1356 4406 1398 4475 ac]

257 4491 363 4543 aaron
437 4505 520 4543 eom.
542 4492 638 4555 MGX,
657 4494 768 4557 sortex
