3108 5102
450 355 559 408 Dlvvs
578 351 808 409 vaspasianv
809 351 827 406 S
851 363 916 412 [666.
933 363 994 413 7-9]
1232 349 1297 414 315

238 516 408 602 Achaiam,
434 518 581 603 Lyciam,
612 517 779 600 Rhodum,
808 516 1014 599 Byzantium,
1045 513 1177 579 Samum
1200 514 1335 578 liber-4

148 627 215 690 tate
257 626 419 710 adempta,
466 627 544 690 item
585 624 755 689 Trachiam
795 620 938 687 Ciliciam
985 627 1018 686 et
1059 620 1298 707 Commagenen

148 730 284 796 dicionis
306 733 414 818 regiae
437 755 537 816 usque
561 731 600 795 ad
624 730 657 795 id
679 735 817 815 tempus,
840 731 874 795 in
896 729 1136 813 prouinciarum
1158 728 1296 793 formam

137 836 281 924 'redegit
327 837 548 924 Cappadociae
574 843 708 923 propter
735 836 886 901 adsiduos
914 835 1124 900 barbarorum
1148 835 1294 900 incursus

115 945 291 1032 elegiones
315 945 438 1011 addidit
461 945 725 1028 consularemque
747 948 905 1008 rectorem
929 942 1085 1027 imposuit
1108 964 1166 1025 pro
1191 963 1237 1027 eq.
1258 941 1296 1006 R.

237 1052 400 1118 Deformis
424 1052 502 1117 urbs
524 1051 688 1116 ueteribus
711 1049 866 1116 incendiis
890 1071 928 1114 ac
951 1048 1051 1112 ruinis
1072 1052 1152 1133 erat3
1180 1070 1296 1113 uacuas
1315 1062 1334 1108 6

147 1181 238 1223 areas
261 1181 417 1243 occupare
441 1163 473 1222 66
497 1158 672 1241 aedificare,
696 1157 723 1222 si
746 1177 945 1240 possessores
964 1160 1133 1240 cessarent,
1157 1156 1297 1220 cuicum-

147 1287 209 1350 que
233 1267 389 1350 permisit.
435 1267 503 1349 ipse
533 1265 769 1329 restitutionem
801 1262 954 1348 Capitolii
984 1261 1152 1349 adgressus
1175 1263 1295 1328 ruderi·

145 1373 208 1436 bus
231 1373 406 1458 purgandis
429 1395 543 1437 manus
565 1371 690 1456 primus
718 1369 863 1434 admouit
887 1391 924 1435 ac
947 1391 1006 1434 suo
1029 1369 1115 1434 collo
1140 1371 1296 1454 quaedam

38 1541 44 1552 ,
100 1508 131 1546 ro
145 1480 276 1564 extulit,
300 1501 526 1562 aerearumque
545 1479 730 1543 tabularum
752 1477 815 1541 tria
834 1475 932 1560 milia,
954 1497 1035 1560 quae
1059 1475 1155 1541 simul
1179 1478 1295 1542 confla-

146 1593 328 1672 grauerant,
348 1588 545 1651 restituenda
563 1586 704 1670 suscepit
722 1584 865 1669 undique
885 1583 1089 1669 inuestigatis
1109 1583 1296 1668 exemplari-

146 1693 220 1758 bus:
251 1695 500 1758 instrumentum
529 1693 654 1778 imperii
682 1691 938 1777 pulcherrimum
966 1712 1003 1755 ao
1030 1692 1296 1775 uetustissimum,

146 1822 211 1884 quo
239 1801 486 1866 continebantur
515 1821 616 1884 66666
639 1799 680 1864 ab
704 1798 836 1863 exordio
865 1799 956 1862 urbis
983 1801 1112 1862 senatus
1141 1799 1295 1882 consulta,

145 1907 280 1992 plebi[s]
304 1909 383 1973 scita
407 1909 445 1973 de
468 1908 620 1972 societate
645 1910 676 1972 et
699 1906 826 1971 foedere
850 1927 887 1970 66
909 1905 1082 1991 priuilegio
1107 1904 1296 1989 cuicumque

101 2016 313 2080 inconcessis.
359 2014 435 2078 fecit
458 2019 491 2078 et
513 2035 598 2078 6666
618 2034 714 2096 opera
733 2012 889 2096 templum
908 2012 1001 2075 Pacis
1020 2012 1091 2076 foro
1110 2013 1294 2095 proximum
1318 2003 1344 2068 9

145 2121 288 2206 Diuique
311 2120 424 2185 Claudi
453 2121 486 2184 in
511 2119 617 2185 Caelio
646 2125 756 2184 monte
780 2124 929 2203 coeptum
959 2119 1086 2202 quidem
1112 2119 1152 2182 ab
1176 2117 1294 2205 Agrip·

145 2230 230 2312 pina,
258 2230 313 2293 sed
341 2252 359 2292 6
382 2228 510 2293 Nerone
534 2250 635 2312 prope
658 2227 804 2291 funditus
829 2226 1041 2310 destructum3
1069 2226 1147 2289 item
1172 2225 1293 2309 amphi-

144 2335 309 2400 theatrum
332 2335 411 2399 urbe
435 2335 547 2417 media,
571 2338 607 2398 ut
631 2333 806 2397 destinasse
831 2337 1031 2417 compererat
1054 2333 1249 2418 Augustum.

235 2441 463 2527 Amplissimos
494 2441 620 2506 ordines
648 2444 680 2504 et
704 2440 876 2504 exhaustos
901 2440 994 2505 caede
1018 2441 1108 2504 uaria
1131 2445 1163 2504 et
1186 2443 1330 2504 conta-2

218 2643 231 2688 1
253 2637 369 2704 Entrop
386 2636 448 2688 VII
460 2639 530 2700 19,4
544 2634 689 2700 Achaiam,
700 2634 824 2701 Lyciam,
834 2634 973 2701 Rhodum,
984 2634 1160 2702 Byzantium,
1172 2632 1293 2696 Samum,

144 2733 217 2784 quae
233 2716 340 2790 liberae
359 2718 424 2770 ante
443 2715 473 2767 id
492 2717 603 2783 tempus
622 2714 743 2781 fueraut,
762 2715 831 2767 item
848 2714 1005 2781 Thraciam,
1026 2713 1154 2768 Ciliciam
1169 2711 1295 2788 (Θρᾷκάς

143 2816 173 2852 τε
193 2797 238 2851 ἐπὶ
262 2796 371 2859 τούτοις
393 2795 441 2849 nui
460 2791 577 2856 Κίλικας
596 2796 760 2864 Paeonius),
781 2794 999 2863 Commagenen,
1019 2811 1091 2863 quae
1110 2795 1162 2848 sub
1181 2793 1295 2862 regibus

144 2876 243 2930 amicis
271 2879 399 2945 egerant,
427 2876 457 2928 in
484 2875 694 2943 prouinciarum
721 2874 840 2928 formam
867 2875 978 2943 redegit
1005 2876 1080 2944 (inde
1103 2876 1182 2929 Hier.
1202 2875 1292 2928 ebron

144 2976 170 3012 6.
185 2960 276 3027 2090).
313 2958 488 3024 Epicure
516 2955 609 3023 Syria,
633 2955 678 3008 cui
696 2953 857 3009 Palaestina
881 2971 982 3008 nomen
1006 2958 1049 3008 est
1072 2957 1146 3024 (baec
1169 2972 1202 3008 66
1226 2954 1293 3007 Vict.

145 3040 221 3092 Caes.
236 3042 322 3103 9,10;
347 3037 381 3104 cs.
398 3038 515 3104 Entrop.
533 3037 595 3090 VII
608 3042 651 3101 19,
661 3039 697 3104 3),
717 3035 872 3102 Ciliciaque
887 3051 919 3088 66
934 3034 1055 3088 Thracia
1069 3034 1189 3104 (trachia
1206 3033 1294 3101 codd.)

144 3121 173 3172 et
193 3119 378 3186 Commagene
394 3116 603 3185 ...prouinciis
622 3132 772 3169 accessere.
810 3115 884 3168 Oros.
902 3116 999 3181 VII9,
1010 3120 1045 3167 10
1064 3114 1179 3181 Achaia,
1199 3113 1294 3181 Lycia,

143 3198 269 3264 Rhodus,
287 3197 463 3266 Byzantium,
484 3196 591 3263 Samus,
610 3195 739 3263 Thracia,
759 3195 867 3260 Cilicia,
882 3193 1068 3264 Commagene
1087 3197 1155 3249 tuno
1171 3194 1294 3262 primum

142 3279 274 3333 redactae
301 3279 331 3331 in
358 3277 519 3346 prouincias
544 3277 678 3330 Romanis
707 3276 848 3330 iudicibus
876 3275 1044 3344 legibusque
1073 3277 1227 3344 paruerunt
1250 3277 1294 3341 (en

144 3361 282 3426 Eutropio
298 3360 412 3427 potine).
485 3363 500 3410 6
521 3358 598 3425 Epir.
619 3363 677 3424 9,8
695 3357 813 3410 Romam
828 3356 982 3410 deformem
996 3354 1133 3409 incendiis
1148 3354 1294 3408 ueteribus

144 3455 177 3492 ac
196 3439 293 3503 ruinis,
312 3439 460 3507 permissa,
485 3438 508 3490 si
528 3437 635 3491 domini
654 3438 795 3503 deessent,
819 3436 979 3490 uolentibus
1005 3435 1174 3489 aedificandi
1203 3435 1294 3503 copia,

144 3519 324 3589 Capitolium,
344 3519 442 3573 aedem
456 3518 545 3584 Pacis,
565 3516 675 3571 Claudii
694 3518 875 3570 monumenta
894 3516 1039 3585 reparauit
1057 3516 1203 3584 multaque
1219 3531 1294 3568 noua

143 3599 276 3653 instituit.
306 3599 398 3653 Victor
412 3600 487 3653 Caes.
503 3604 527 3664 9,
540 3603 556 3651 7
570 3598 676 3651 Romae
686 3596 866 3666 Capitolium,
886 3596 961 3665 quod
977 3596 1194 3666 conflagrauisse
1209 3611 1293 3664 supra

143 3680 368 3746 memorauimus,
388 3679 470 3733 aedes
487 3679 577 3745 Pacis,
597 3677 709 3732 Claudii
727 3681 916 3744 monumenta,
936 3676 1137 3745 amphitheatri
1155 3679 1236 3730 tanta
1250 3676 1295 3728 uis

143 3760 289 3826 multaque
308 3759 365 3813 alia
384 3759 554 3827 (multaeque
573 3759 645 3812 aliae
664 3759 752 3826 codd.)
772 3774 805 3811 ac
823 3758 915 3811 forum
934 3759 1034 3826 coepta
1054 3774 1102 3810 seu
1121 3757 1242 3825 patrata.

145 3845 244 3907 19sqq.
274 3841 366 3894 Victor
385 3840 459 3894 Caes.
475 3844 533 3904 9,9
562 3856 647 3892 censu
674 3855 751 3892 more
778 3841 906 3892 ueterum
930 3838 1052 3892 exercito
1076 3839 1176 3890 senatu
1199 3838 1292 3889 motus

143 3920 304 3989 probrosior
326 3920 453 3988 quisque,
475 3937 507 3973 ac
530 3920 611 3973 lectis
633 3918 759 3987 undique
782 3919 897 3987 optimis
916 3918 985 3971 uiris
1004 3917 1082 3970 mille
1101 3919 1199 3987 gentes
1219 3931 1293 3969 com-

143 4000 265 4068 positae,
290 4017 353 4053 oum
376 4000 512 4054 ducentas
536 3999 689 4070 aegerrime
712 3999 882 4068 repperisset
905 3998 1036 4051 extinctis
1056 3997 1176 4050 saeuitia
1198 3999 1294 4064 tyran-

143 4097 243 4134 norum
262 4080 403 4150 plerisque
422 4081 496 4151 (ende
515 4081 591 4149 Epit.
609 4085 635 4146 9,
646 4082 699 4149 11).

216 4256 231 4302 2
255 4248 406 4303 Trachiam
424 4251 540 4321 Bentley
563 4249 728 4318 (l‘racheam
755 4250 920 4317 Turnebus),
938 4248 1078 4301 thraciam
1096 4249 1122 4300 a
1146 4246 1292 4315 (thratiam

146 4329 216 4399 98¹,
234 4329 373 4383 trachiam
392 4332 428 4395 H,
447 4330 566 4384 traciam
587 4330 633 4399 T),
652 4331 686 4395 cf.
706 4330 801 4383 testim.
820 4346 906 4398 snpra
997 4327 1175 4396 ciliciamque
1197 4326 1222 4381 C

143 4415 160 4462 4
179 4410 285 4480 redigit
304 4410 341 4462 M
424 4416 440 4462 9
459 4410 565 4478 primus
584 4426 684 4462 manus
705 4409 731 4462 G
817 4414 850 4462 13
870 4408 1028 4462 consultam
1048 4410 1090 4474 M,
1112 4406 1241 4461 consulta
1261 4423 1294 4460 66

144 4491 199 4558 (nel
213 4491 251 4559 et)
265 4491 382 4560 Bentley
456 4496 488 4543 19
508 4489 713 4558 amplissimum
728 4489 843 4557 Lipsius
859 4491 976 4559 innpenc
994 4506 1055 4543 cnm
1069 4489 1294 4573 praecedentibus
