3108 5102
280 430 345 495 308
632 433 661 488 (l.
681 435 838 491 SVETONI
856 436 1080 502 TBANQVILLI

279 701 333 765 diu
361 707 526 766 auersatus
549 707 610 785 est,
638 726 698 769 nec
724 710 762 769 ut
789 706 918 770 tandem
947 709 1116 791 appeteret
1145 705 1297 789 compelli
1324 704 1387 768 nisi
1410 727 1427 766 a

279 812 380 872 matre
408 810 524 892 potuit.
569 832 607 874 ea
633 811 759 876 demum
784 813 910 876 extudit
934 815 1038 898 magis
1063 812 1212 878 conuicio
1238 833 1335 895 quam
1359 833 1426 894 pre

279 915 369 980 cibus
397 913 449 978 uel
477 916 681 1000 auctoritate,
711 918 787 982 dum
815 942 888 983 eum
916 919 1090 983 identidem
1121 942 1179 1002 per
1201 917 1426 982 contumeliam

278 1021 557 1086 anteambulonem
580 1023 689 1088 fratris
713 1025 863 1109 appellat.
1452 1047 1462 1085 ⁵

243 1148 259 1194 3
366 1127 577 1194 Tribunatum
602 1131 743 1195 militum
767 1133 800 1196 in
823 1132 961 1196 Thracia
979 1133 1109 1216 meruit3
1134 1136 1286 1215 quaestor
1301 1129 1428 1195 Cretam
1458 1189 1460 1194 .

278 1240 310 1300 et
338 1233 476 1318 Cyrenas
504 1239 706 1320 prouinciam
735 1243 820 1304 sorte
848 1240 947 1323 cepit3
979 1239 1154 1303 aedilitatis
1178 1260 1215 1303 ac
1240 1260 1316 1302 mox
1339 1260 1428 1322 prae-

277 1344 367 1406 turae
392 1343 586 1429 candidatus,
616 1345 706 1409 illam
734 1368 799 1410 non
829 1347 896 1410 sine
920 1346 1048 1429 repulsa
1072 1350 1227 1429 sextoque
1249 1345 1306 1408 uix
1336 1344 1428 1426 adep-

277 1452 329 1512 tus
354 1454 401 1513 est
423 1450 509 1533 loeo,
540 1450 707 1535 <h>a<n>c
734 1452 839 1536 prima
862 1453 969 1515 statim
1001 1452 1160 1535 petitione
1183 1455 1216 1514 et
1243 1450 1278 1514 in
1305 1450 1427 1535 primis.

276 1558 406 1639 praetor
432 1555 593 1621 infensum
618 1559 741 1622 senatui
766 1557 881 1622 (laium
906 1580 946 1622 ne
971 1580 1034 1641 quo
1058 1580 1125 1622 non
1148 1580 1266 1643 genere
1290 1558 1428 1621 demere
1441 1581 1462 1618 a

276 1665 377 1745 retur,
404 1663 497 1728 ludos
525 1665 793 1729 extraordinarios
821 1688 880 1748 pre
908 1666 1045 1728 uictoria
1069 1665 1137 1728 eins
1162 1663 1355 1728 Germanica
1379 1663 1428 1727 de-

275 1771 424 1854 poposcit
447 1793 631 1856 poenaeque
656 1773 895 1836 coniuratorum
919 1771 1101 1836 addendum
1128 1771 1262 1853 censuit,
1286 1775 1323 1834 ut
1348 1772 1428 1834 inse

275 1875 360 1959 pulti
382 1879 608 1961 proicerentur.
656 1879 723 1964 egit
741 1883 774 1942 et
791 1879 912 1964 gratias
932 1878 960 1942 ei
981 1878 1066 1961 apud
1086 1877 1323 1962 amplissimum
1347 1877 1427 1940 ordi·

275 2004 358 2065 nem,
382 1986 468 2067 quod
492 2007 526 2048 se
547 1984 669 2049 honore
693 2006 788 2048 cenae
812 1984 963 2069 dignatus
989 1987 1081 2048 esset.

230 2089 251 2155 3
364 2089 451 2155 Inter
473 2092 552 2156 haec
571 2092 716 2156 Flauiam
736 2091 939 2155 Domitillam
960 2091 1054 2154 duxit
1072 2111 1217 2174 uxorem,
1241 2088 1354 2154 Statili
1374 2089 1460 2154 (la-15

275 2198 377 2282 pellae
404 2199 522 2283 equitis
549 2198 586 2262 R.
611 2198 812 2262 Sabratensis
842 2219 881 2260 ex
905 2197 1017 2261 Africa
1041 2197 1212 2261 delicatam
1239 2198 1317 2262 olim
1343 2199 1427 2262 Lati·

275 2327 397 2388 naeque
421 2291 631 2390 condicionis
664 2306 718 2369 sed
746 2327 822 2369 mox
850 2305 1024 2390 ingenuam
1048 2307 1080 2366 et
1103 2302 1209 2366 ciuem
1232 2304 1325 2368 Rom.
1353 2306 1426 2368 reci·

274 2413 434 2496 paratorio
466 2413 584 2476 iudicio
613 2411 865 2496 pronuntiatam,
896 2415 987 2495 patre
1011 2413 1172 2474 asserente
1196 2409 1310 2474 Flauio
1334 2412 1441 2476 Libe

274 2519 340 2581 rale
363 2519 492 2585 Ferenti
518 2521 628 2606 genito
657 2539 715 2582 nec
743 2518 915 2601 quicquam
944 2518 1084 2601 amplius
1115 2538 1212 2599 quam
1241 2519 1426 2600 quaestorio

276 2625 388 2689 scriba.
434 2648 472 2690 ex
495 2626 555 2689 hac
578 2625 698 2690 liberos
721 2623 798 2688 tulit
820 2623 930 2688 Titum
954 2628 985 2687 et
1008 2624 1233 2687 Domitianum
1257 2625 1289 2687 et
1314 2623 1426 2688 Domi·
1439 2649 1461 2687 a

275 2730 385 2795 tillem.
432 2733 525 2795 uxori
554 2753 590 2796 ac
616 2732 701 2795 filiae
729 2734 889 2813 superstes
918 2731 982 2794 fuit
1005 2734 1103 2814 atque
1117 2734 1298 2813 ¹utramque
1322 2732 1426 2794 adhuc

274 2837 420 2920 priuatus
449 2837 564 2902 amisit.
615 2842 690 2922 post
717 2836 828 2901 uxoris
856 2846 1020 2901 excessu'm
1050 2835 1231 2920 Caenidem,
1263 2835 1426 2901 Antoniae

273 2943 424 3008 libertam
443 2947 475 3008 et
494 2967 512 3007 a
529 2969 636 3028 manu,
656 2944 804 3008 dilectam
826 2943 987 3026 quondam
1006 2943 1070 3007 sibi
1084 2941 1251 3007 reuocauit
1265 2945 1300 3006 in
1315 2948 1426 3008 contu-

273 3050 422 3114 bernium
445 3050 623 3135 habuitque
647 3051 744 3114 etiam
769 3051 944 3140 imperator
966 3071 1069 3133 paene
1091 3050 1195 3114 iustae
1213 3051 1325 3114 uxoris
1343 3051 1425 3115 loco.

219 3155 242 3222 4
365 3155 497 3221 Claudio
521 3159 666 3243 principe
689 3156 831 3220 Narcissi
858 3156 962 3241 gratia
983 3156 1110 3241 legatus
1133 3156 1272 3241 legionis
1295 3157 1331 3220 in
1352 3155 1425 3221 Ger·
1438 3179 1460 3220 a

346 3365 387 3413 15.
404 3365 437 3412 20
457 3361 534 3429 Epic
551 3365 620 3425 10,1
636 3358 716 3412 Titus
732 3400 773 3412 ...
788 3360 878 3412 matre
892 3357 995 3411 liberta
1009 3357 1158 3410 Domitilla
1173 3357 1287 3412 nomine
1302 3359 1423 3429 genitus.

274 3445 342 3504 11,1
371 3439 549 3492 Domitianus
569 3438 736 3507 Vespasiani
762 3441 791 3491 et
814 3437 978 3491 Domitillae
1007 3437 1126 3490 libertae
1154 3437 1244 3505 filius,
1272 3455 1423 3508 germanus

274 3519 339 3572 Titi.
413 3525 446 3571 25
466 3522 584 3588 Eutrop.
602 3520 664 3573 VII
673 3523 743 3584 19‚1
762 3519 859 3588 utqui
874 3535 891 3570 a
906 3516 1023 3570 Claudio
1037 3516 1067 3569 in
1083 3516 1264 3571 Germaniam
1279 3521 1309 3572 et
1323 3518 1423 3572 deinde

273 3598 303 3651 in
322 3598 498 3652 Britanniam
516 3600 617 3652 missus
636 3598 731 3652 tricies
751 3601 779 3651 et
797 3599 842 3652 bis
862 3616 926 3652 cum
941 3599 1022 3651 hoste
1037 3596 1200 3664 conflixerit,
1221 3598 1291 3652 duas
1305 3599 1424 3652 ualidis-

274 3679 359 3732 simas
382 3680 492 3747 gentes‚
519 3679 624 3748 uiginti
652 3679 769 3748 oppida,
797 3679 919 3732 insulam
938 3677 1057 3731 Vectam
1079 3677 1243 3732 Britanniae
1266 3679 1423 3746 proximam

273 3759 392 3828 imperio
410 3759 537 3812 Romano
556 3758 699 3813 adiecerit.

345 3943 360 3989 3
380 3936 481 3990 extulit
498 3937 599 4007 GQST
686 3943 701 3990 5
721 3937 885 4006 appellabat
902 3936 941 4006 Q·
1014 3941 1029 3989 6
1049 3934 1190 3989 Tribunus
1213 3937 1290 3990 Terr.
1310 3942 1335 3990 et
1352 3938 1422 3991 sice

272 4019 349 4072 codd.
360 4015 400 4086 (.9)
420 4018 500 4084 affert
515 4017 672 4071 Glareanus
677 4038 687 4084 ,·
706 4018 740 4083 cf.
755 4018 839 4071 Iule
858 4018 938 4070 Tim
1010 4020 1026 4068 8
1046 4016 1126 4069 illam
1143 4017 1220 4070 Torr.
1235 4016 1421 4084 (aedilitatem

269 4100 430 4166 praetactae
451 4097 625 4167 Glareanus),
652 4096 738 4150 etiam
756 4100 791 4163 a,
810 4112 873 4150 eam
891 4097 1018 4166 Papulas,
1037 4096 1087 4150 sed
1106 4111 1168 4148 eam
1187 4097 1232 4149 acl
1250 4097 1280 4148 et
1298 4111 1361 4149 eam
1378 4096 1422 4149 uel

273 4180 302 4230 et
319 4177 400 4231 illam
418 4179 471 4231 alii
529 4182 544 4229 9
564 4193 593 4231 es
609 4178 647 4230 M
706 4177 768 4230 loco
783 4183 848 4246 post
866 4177 1000 4243 sextoque
1013 4176 1140 4230 eabitcat
1152 4178 1176 4227 Τ
1188 4176 1285 4246 (wip.)
1349 4175 1421 4228 hanc

273 4259 389 4330 Bentley
407 4257 537 4327 (Duker),
561 4273 594 4311 ac
613 4260 651 4324 a,
675 4260 705 4310 at
726 4258 895 4322 Glareanus,
920 4257 950 4308 at
967 4256 1041 4309 hanc
1063 4255 1132 4310 Oud.
1208 4261 1240 4308 10
1258 4257 1323 4324 pter
1343 4256 1368 4310 G

272 4337 412 4391 infensum
431 4337 560 4405 Lipsius,
587 4337 712 4391 infensus
733 4336 878 4402 MXH'R,
906 4335 1030 4389 infensos
1056 4335 1152 4406 &11¹9
1233 4340 1267 4389 14
1293 4337 1337 4389 est
1355 4335 1420 4404 11¹0

274 4422 306 4469 lc
326 4415 499 4470 sabracensis
518 4417 583 4483 LT,
607 4417 732 4471 scabrat·
751 4417 823 4482 P1s,
847 4416 952 4469 sabiat
971 4416 1024 4486 HQ
1105 4415 1257 4470 delicatam
1277 4417 1334 4481 M¹,
1353 4414 1419 4468 deli-

272 4497 369 4565 gatam
384 4495 494 4563 M’LT,
513 4496 673 4566 delegatam
690 4497 791 4552 orPs
858 4502 891 4550 18
904 4495 1022 4549 liberale
1037 4495 1145 4549 ferente
1162 4495 1188 4551 θ
1257 4499 1290 4547 23
1304 4496 1418 4549 missam

267 4581 332 4644 post
348 4589 434 4628 manu
453 4577 517 4630 add.
534 4576 568 4641 G,
586 4577 701 4629 missam
716 4594 769 4644 pro
787 4578 878 4648 plesse
896 4577 1011 4630 adsere

244 613 260 659 2
369 593 504 679 Sumpta
518 596 605 660 uirili
619 601 697 684 toga
711 599 814 664 latum
829 599 967 684 clauum,
986 622 1171 684 quanquam
1185 599 1286 662 fratre
1301 599 1426 681 adepto,

1530 4021 1531 4072 l

1530 4621 1531 4694 l
