3166 5106
260 335 322 400 156
610 333 637 388 o.
658 332 816 388 svaronu
834 333 1056 399 russorum

259 499 363 563 nihilo
392 499 534 563 securior
562 497 618 561 aut
645 496 843 562 constantior
870 519 928 581 per
954 519 1071 562 nouem
1094 497 1261 582 proximos
1284 519 1411 562 menses

260 603 326 669 non
350 627 497 691 egressus
521 608 570 668 est
592 602 681 687 uilla,
705 625 785 687 quae
808 607 944 670 uocatur
965 602 1062 668 lonis.

204 709 253 774 66
349 711 494 777 Vrebant
517 711 648 794 insuper
671 710 799 774 anxiam
822 714 961 776 mentem
985 709 1076 776 uaria
1093 709 1236 793 undique
1255 709 1412 794 conuicia,

257 818 347 883 nullo
380 841 446 883 non
478 818 702 882 damnatorum
736 839 830 881 omne
862 817 974 901 probri
1006 839 1107 903 genus
1136 838 1244 898 coram
1272 817 1325 881 uel
1353 840 1414 901 per

258 925 389 992 libellos
412 926 446 990 in
470 925 635 990 orchestra
657 924 781 1008 positos
805 925 979 1010 ingerente.
1022 925 1141 1008 quibus
1161 925 1290 1008 quidem
1311 924 1414 989 diuer
1443 951 1461 990 a

259 1032 384 1098 sissima
413 1032 635 1113 adficiebatur,
664 1031 760 1096 modo
788 1035 826 1095 ut
853 1054 930 1115 prae
958 1033 1081 1116 pudore
1109 1031 1224 1119 ignota
1252 1035 1285 1096 et
1312 1031 1415 1096 celata

260 1143 374 1204 cuncta
399 1143 539 1223 cuperet,
562 1159 805 1221 nonnumquam
831 1139 941 1202 eadem
959 1143 1188 1205 'contemneret
1206 1139 1416 1222 etproi'erret

256 1246 343 1311 ultro
368 1249 464 1329 atque
488 1246 645 1331 uulgaret.
688 1245 766 1328 quin
785 1249 817 1309 et
835 1242 994 1310 Artabani
1013 1244 1211 1310 Parthorum
1228 1245 1315 1330 regis
1333 1244 1415 1309 lace·

258 1357 346 1418 ratus
370 1358 419 1417 est
442 1352 560 1416 litteris
583 1351 756 1435 parricidia
776 1357 808 1415 et
828 1351 941 1417 caedes
961 1356 993 1416 et
1012 1352 1177 1438 ignauiam
1197 1357 1229 1416 et
1251 1351 1412 1416 luxuriam

258 1459 427 1524 obicientis
450 1459 688 1542 monentisque,
715 1463 753 1522 ut
775 1457 961 1524 uoluntaria
983 1463 1086 1524 morte
1109 1459 1252 1522 maximo
1277 1459 1412 1524 iustissi-
1428 1485 1459 1524 ro

203 1561 377 1649 timeque
405 1565 525 1630 ciuium
556 1565 631 1629 odio
662 1587 759 1648 quam
789 1565 928 1649 primum
962 1566 1040 1629 satis
1073 1566 1201 1630 faceret.
1246 1570 1412 1649 postremo

257 1677 358 1737 semet
385 1673 455 1757 ipse
483 1675 664 1756 pertaesus,
692 1671 797 1756 tali[s]
825 1671 982 1755 epistulae
1011 1672 1171 1756 principio
1195 1676 1323 1736 tantum
1345 1693 1412 1736 non

257 1801 414 1844 summam
440 1779 599 1843 malorum
622 1800 753 1842 suorum
772 1779 938 1862 professus
958 1784 1019 1843 est:
1040 1779 1134 1862 quid
1158 1779 1321 1843 scribam
1345 1801 1412 1843 uo-

256 1886 329 1970 bis,
361 1910 391 1971 p.
416 1908 455 1969 a,
487 1890 552 1950 aut
581 1907 654 1969 quo
681 1885 791 1949 modo
825 1885 1004 1971 scribam,
1036 1889 1101 1949 aut
1136 1886 1226 1969 quid
1257 1887 1412 1952 omnino

256 2015 331 2057 non
355 1993 519 2057 scribam
542 1992 614 2057 hoo
637 1997 822 2076 tempore,
846 1991 900 2056 dii
923 2013 979 2056 me
1003 1992 1169 2076 deaeque
1192 1994 1303 2076 peius
1326 2016 1411 2077 per·
1428 2018 1458 2058 ra

256 2099 346 2164 dant
370 2122 479 2183 quam
503 2099 647 2165 cotidie
670 2099 798 2182 perire
821 2099 961 2178 sentio,
985 2099 1018 2162 si
1041 2100 1130 2163 scio.

221 2219 236 2265 2
345 2206 542 2270 Existimant
561 2206 690 2289 quidam
710 2206 886 2289 praescisse
904 2205 984 2269 haec
1002 2228 1075 2270 eum
1094 2207 1211 2289 peritia
1224 2207 1411 2272 futurorum

255 2333 292 2376 ao
315 2313 417 2378 multo
442 2317 526 2396 ante,
550 2316 670 2396 quanta
693 2334 726 2376 se
750 2311 942 2396 quandoque
966 2312 1123 2377 acerbitas
1143 2317 1175 2378 et
1194 2313 1328 2378 infamia
1345 2335 1411 2378 ma-

255 2423 358 2498 neret,
390 2420 608 2504 prospexisse3
640 2418 790 2502 ideoque,
822 2422 859 2482 ut
890 2419 1061 2503 imperium
1089 2420 1211 2504 inierit,
1244 2424 1276 2483 et
1307 2420 1410 2503 patris

255 2513 378 2609 patriae
402 2525 652 2610 appellationem
677 2530 709 2590 et
736 2548 776 2590 ne
800 2527 833 2590 in
857 2530 928 2591 acta
951 2548 1009 2591 sua
1035 2527 1196 2591 iuraretur
1224 2526 1409 2592 obstinatis-
1424 2552 1456 2592 so

256 2632 334 2696 sime
357 2653 532 2716 recusasse,
560 2655 600 2696 ne
626 2655 701 2698 mox
729 2634 849 2697 maiore
877 2633 1030 2698 dedecore
1059 2634 1163 2717 impar
1186 2635 1285 2698 tantis
1309 2636 1411 2699 hono-

224 2751 239 2798 3
259 2738 348 2803 ribus
371 2740 579 2804 inueniretur.
622 2739 709 2823 quod
728 2762 804 2805 sane
828 2761 867 2804 ex
886 2741 1031 2806 oratione
1050 2741 1128 2824 aius,
1152 2762 1248 2824 quam
1268 2741 1306 2804 de
1325 2746 1412 2806 utra-

257 2866 320 2928 que
344 2867 377 2908 re
400 2845 524 2931 habuit,
544 2848 654 2933 colligi
674 2851 795 2931 potest3
818 2847 872 2911 uel
891 2867 963 2911 cum
982 2847 1041 2911 ait:
1066 2847 1230 2912 similem
1255 2870 1293 2912 se
1317 2870 1411 2913 sem-

256 2974 323 3036 per
346 2953 404 3016 sui
427 2953 599 3017 futurum
622 2975 689 3017 nec
712 2976 886 3037 umquam
911 2959 1146 3018 mutaturum
1165 2976 1287 3020 mores
1308 2977 1411 3039 suos,

257 3081 365 3141 quam
397 3059 464 3136 diu
496 3082 608 3125 sanae
640 3062 780 3124 mentis
813 3061 967 3146 fuisset3
1001 3061 1064 3126 sed
1097 3061 1262 3144 exempli
1296 3083 1455 3127 causare

258 3166 465 3230 cauendum
494 3189 588 3250 esse,
617 3189 661 3230 ne
686 3189 723 3232 se
747 3173 903 3234 senatus
926 3169 964 3231 in
988 3174 1073 3233 acta
1096 3169 1320 3252 cuiusquam
1345 3168 1411 3232 ob·

258 3272 415 3357 ligaret,
441 3274 530 3356 quia
553 3273 683 3356 aliquo
709 3295 796 3338 casu
819 3276 959 3339 mutari
982 3280 1122 3358 posset.
1165 3280 1197 3340 et
1219 3297 1343 3340 rursus:

221 3389 238 3434 4
348 3376 386 3442 si
416 3381 566 3462 quando
595 3385 734 3464 autem,
760 3381 880 3464 inquit,
909 3381 952 3445 de
979 3382 1149 3446 moribus
1178 3383 1271 3446 meis
1296 3383 1410 3447 deuo-

257 3488 373 3568 toque
396 3486 503 3550 uobis
528 3487 652 3550 animo
671 3487 962 3570 dubitaueritis‚
987 3526 1029 3540 -
1049 3488 1150 3571 quod
1167 3490 1275 3572 prius
1299 3511 1408 3573 quam

258 3593 424 3672 eueniat,
449 3598 540 3676 opto
563 3596 605 3656 ut
627 3615 683 3655 me
707 3615 905 3676 supremus
934 3594 1014 3658 dies
1043 3594 1132 3658 huic
1155 3601 1322 3660 mutatae
1345 3619 1407 3662 ue·
1423 3619 1454 3658 eo

328 3799 343 3846 2
363 3793 435 3846 iouis
451 3795 518 3853 Lae
537 3793 596 3848 edd.
612 3794 657 3863 (de
675 3794 747 3847 uilla
760 3795 835 3847 louis
853 3794 888 3865 ρ’
903 3797 933 3849 ia
953 3799 1058 3866 lamp),
1076 3797 1191 3851 lunonis
1206 3797 1341 3852 Heiaae’as
1360 3799 1406 3870 (es.

256 3875 350 3928 Herna
362 3878 397 3927 36
408 3891 437 3942 p.
447 3879 505 3928 287
513 3876 579 3943 sqq.)
665 3881 682 3926 4
700 3891 750 3943 per
764 3875 877 3941 LPOT,
891 3892 941 3930 om.
951 3878 1008 3940 rel,
1027 3877 1058 3930 ιἰι
1073 3895 1157 3948 rizarq.
1173 3879 1237 3932 add.
1254 3878 1280 3931 V
1291 3880 1359 3948 (m.1
1375 3885 1408 3933 at

255 3955 325 4022 aid.)
340 3961 365 4008 et
380 3953 417 4023 ρ’
431 3954 506 4022 (inde
519 3953 617 4007 libello
634 3998 638 4008 .
655 3997 660 4007 .
677 3997 682 4008 .
698 3955 841 4023 proposito
860 3956 971 4023 aliaque
987 3958 1132 4025 temptauit
1145 3959 1273 4029 Bentley)
1329 3964 1343 4010 ‘l
1360 3973 1406 4011 ca-

255 4037 335 4102 peret
349 4035 380 4086 X
482 4035 644 4088 conteneret
659 4037 706 4100 M,
731 4035 887 4088 contineret
903 4035 955 4090 Gr
1045 4042 1078 4089 12
1097 4037 1151 4090 tali
1167 4040 1296 4094 Muretus
1315 4041 1409 4108 (parte

256 4112 370 4166 sustalis
382 4116 430 4183 M)
485 4113 663 4184 principiali
720 4120 751 4167 16
771 4114 863 4184 perire
881 4131 926 4168 me
945 4115 1050 4170 cotidie
1071 4117 1135 4172 Tac.
1155 4135 1222 4172 aaa.
1238 4117 1282 4170 VI
1294 4124 1324 4185 6,
1343 4119 1409 4173 inde

256 4209 300 4246 me
319 4195 388 4246 addi
401 4194 501 4248 soluat
512 4201 575 4262 post
588 4210 674 4262 quam
694 4195 828 4262 Wdlfflia,
843 4203 907 4263 post
926 4195 1018 4264 perire
1033 4199 1150 4268 Bentley
1213 4197 1237 4252 si
1256 4215 1306 4254 om.
1319 4198 1410 4254 Mar

256 4273 316 4340 (del.
328 4271 377 4340 1³¹)
442 4279 474 4325 17
490 4274 645 4342 praescisse
660 4275 792 4345 (praeisse
804 4275 839 4344 G)
854 4274 924 4338 haec
938 4277 988 4330 del.
1007 4276 1151 4331 G.Becleer
1206 4283 1239 4330 18
1260 4294 1292 4330 ac
1306 4278 1408 4350 multo]

255 4351 345 4404 multo
357 4355 394 4406 M
406 4352 451 4419 (G.
468 4354 593 4422 Becker),
611 4353 756 4436 multoque
776 4356 892 4425 Bentley
948 4361 980 4408 ‘22
1001 4372 1034 4409 ex
1054 4358 1131 4423 MT,
1151 4359 1179 4410 et
1198 4373 1232 4411 ex
1247 4359 1294 4412 rel.
1310 4359 1409 4429 (walp.)

255 4460 345 4512 acacio
364 4477 403 4511 aa
421 4460 517 4512 arelius
596 4465 629 4512 27
650 4439 672 4529 ii
687 4463 715 4514 P
732 4459 771 4528 (ia
789 4463 820 4514 ia
839 4479 893 4516 raa.
908 4480 942 4516 m.
954 4464 991 4530 2),
1011 4462 1060 4530 qui
1079 4465 1209 4518 Beroald.
1225 4465 1321 4534 (culp.)
