3136 5100
495 323 603 392 Dlvvs
623 323 801 377 CLAVDIVS
821 336 887 384 [cie.
903 337 989 385 ae-ar]
1237 325 1302 388 219

243 485 384 570 Sponsas
421 479 594 549 admodum
627 486 812 551 adulescens
850 487 928 550 duas
964 487 1092 552 habuit:
1130 486 1302 551 Aemiliam
1312 484 1357 551 26

130 592 307 676 -Lepidam
336 591 479 679 Augusti
507 597 709 676 proneptem,
738 594 816 656 item
844 593 971 657 Liuiam
999 593 1223 677 Medullinam,
1252 593 1303 656 cui
1387 597 1390 602 '

150 704 185 763 et
214 721 391 785 cognomen
421 697 575 764 Camillae
599 704 680 783 erat,
709 721 726 763 e
749 721 866 786 genere
894 700 1026 783 antiquo
1056 700 1222 764 dictatoris
1247 699 1303 762 Oa-

149 805 243 869 milli.
290 806 445 889 priorem,
479 804 567 889 qnod
598 810 746 888 parentes
778 806 846 870 eius
877 807 1062 893 Augustum
1095 807 1302 886 offenderant,

100 895 313 998 'suirginem
347 911 451 974 adhuc
483 912 679 996 repudiauit,
711 914 924 996 posteriorem
956 915 1026 996 ipso
1056 914 1119 998 die,
1151 913 1203 997 qui
1235 915 1303 976 erat

147 1020 273 1102 nuptiis
298 1019 489 1102 destinatus,
513 1041 552 1081 ex
576 1018 754 1083 ualitudine
778 1019 894 1083 amisit.
931 1041 1048 1084 uxores
1073 1020 1185 1084 deinde
1209 1020 1301 1083 duxit
1321 1035 1336 1080 2

148 1126 311 1189 Plautiam
335 1124 574 1209 Vrgulanillam
603 1125 793 1209 triumphali
821 1129 852 1190 et
881 1149 957 1190 mox
984 1126 1111 1191 Aeliam
1134 1126 1300 1190 Paetinam

148 1233 312 1296 consulari
335 1236 435 1316 patre.
473 1253 544 1294 cum
574 1235 711 1316 utraque
734 1233 910 1296 diuortium
935 1232 1025 1318 fecit,
1049 1234 1103 1296 sed
1128 1255 1201 1296 cum
1223 1232 1299 1296 Pae-

148 1339 219 1402 tina
243 1362 281 1403 ex
308 1338 435 1403 leuibus
461 1339 604 1422 offensis,
634 1360 706 1401 eum
728 1338 933 1424 Vrgulanilla
962 1339 1003 1403 ob
1031 1340 1203 1404 libidinum
1226 1360 1299 1422 pro-

101 1473 132 1512 ιο
147 1446 208 1509 bra
232 1451 263 1508 et
285 1445 454 1510 homicidii
474 1443 698 1528 suspicionem.
736 1448 810 1528 post
829 1446 886 1509 has
902 1445 1064 1511 Valeriam
1083 1446 1298 1529 Messalinam,

146 1552 282 1618 Barbati
310 1551 467 1616 Messalae
495 1551 681 1614 consobrini
705 1552 753 1614 sui
784 1551 898 1635 filiam,
926 1553 960 1615 in
983 1554 1225 1620 matrimonium
1250 1572 1297 1614 ac·

147 1659 243 1742 cepit.
281 1679 377 1742 quam
402 1679 474 1721 cunr
499 1658 709 1740 comperisset
733 1679 828 1742 super
852 1663 957 1723 cetera
979 1659 1104 1744 flagitia
1127 1663 1223 1742 atque
1246 1657 1297 1722 de-

146 1766 262 1829 decora
286 1764 319 1828 0.
340 1763 420 1829 Silio
445 1764 542 1828 etiam
567 1766 715 1848 nupsisse
734 1765 808 1828 dote
827 1765 912 1830 inter
935 1766 1079 1849 auspices
1100 1766 1296 1851 consignata,

145 1871 306 1956 supplicio
321 1871 438 1935 adfecit
448 1871 715 1954 confirmauitque
730 1893 788 1955 pro
804 1873 953 1936 contione
967 1872 1053 1955 apud
1066 1871 1296 1956 praetorianos,

100 2007 128 2044 rs
145 1981 331 2062 quatenus
347 1977 422 2041 sibi
438 1977 684 2040 matrimonia
698 1980 1294 2062 malecederent,permansurum

144 2107 183 2149 se
198 2085 234 2148 in
252 2084 459 2169 caelibatu,
479 2106 520 2147 ac
539 2084 617 2148 nisi
631 2085 921 2169 permansisset,
941 2107 1016 2149 non
1030 2086 1294 2149 recusaturum

143 2191 301 2255 confodi
321 2191 496 2254 manibus
516 2191 696 2273 ipsorum.
738 2213 797 2255 nec
811 2191 925 2255 durare
944 2192 1048 2255 ualuit
1067 2191 1145 2274 quin
1164 2189 1202 2252 de
1221 2209 1294 2252 oon·
1314 2204 1329 2250 3

143 2298 325 2361 dicionibus
349 2297 501 2360 continuo
526 2302 691 2382 tractaret,
720 2299 816 2362 etiam
841 2299 879 2363 do
902 2298 1067 2381 Paetinae,
1095 2319 1191 2380 quam
1215 2295 1294 2358 olim

142 2407 302 2490 exegerat,
321 2405 423 2487 deque
444 2403 567 2467 Lolliae
587 2403 748 2489 Paulinae,
768 2428 849 2488 quae
865 2405 897 2469 C.
914 2405 1041 2469 Caesari
1062 2407 1164 2487 nupta
1180 2402 1293 2466 fuerat.

97 2539 126 2578 20
143 2534 255 2576 uerum
280 2511 450 2575 inlecebris
470 2510 679 2596 Agrippinae,
705 2510 886 2576 Germanici
910 2512 1020 2576 fratris
1044 2511 1095 2576 sui
1117 2510 1212 2593 filiae,
1235 2529 1293 2591 per

140 2618 194 2681 ius
226 2618 328 2681 osculi
358 2620 390 2680 et
422 2617 651 2680 blanditiarum
683 2619 866 2682 occasiones
895 2619 1051 2703 pellectus
1078 2619 1113 2681 in
1141 2637 1292 2697 amorem,

142 2723 334 2787 subornauit
360 2724 510 2807 proximo
540 2727 652 2788 senatu
686 2726 741 2809 qui
770 2731 950 2810 censerent,
983 2725 1163 2810 cogendum
1191 2743 1224 2786 se
1253 2721 1292 2784 ad

141 2830 321 2894 ducendum
346 2853 415 2894 eam
439 2852 582 2915 uxorem,
607 2833 699 2914 quasi
724 2833 770 2896 rei
794 2855 823 2915 p.
848 2834 986 2896 maxime
1010 2833 1192 2913 interesset,
1217 2829 1291 2891 dan-

141 2938 279 3020 damque
303 2937 416 3000 ceteris
440 2938 567 3001 ueniam
593 2939 705 3001 talium
733 2940 966 3024 coniugiorum,
991 2961 1072 3022 quae
1096 2938 1136 3000 ad
1159 2936 1192 2998 id
1212 2937 1290 2998 tem-

97 3071 124 3110 15
139 3066 200 3127 pus
225 3043 345 3107 incesta
372 3044 582 3108 habebantur.
626 3035 662 3108 ac
687 3045 742 3108 uix
766 3069 830 3109 uno
861 3046 1053 3130 interposito
1078 3041 1129 3106 die
1153 3041 1290 3105 confecit

138 3151 283 3234 nuptiae,
319 3174 385 3215 non
420 3151 555 3234 repertis
589 3152 645 3234 qui
679 3155 889 3235 sequerentur
927 3152 1122 3236 exemplum,
1156 3151 1290 3231 excepto

137 3257 291 3321 libertino
317 3258 455 3340 quodam
481 3262 511 3320 et
535 3257 636 3322 altero
661 3259 869 3342 primipilari,
894 3260 984 3322 cuius
1008 3258 1195 3341 nuptiarum
1220 3253 1289 3317 offi-

137 3365 223 3427 cium
255 3368 286 3427 et
317 3365 385 3447 ipse
416 3385 487 3427 cum
519 3364 699 3448 Agrippina
730 3357 913 3430 celebrauit.
961 3365 1081 3428 liberos
1114 3385 1152 3426 ex
1181 3357 1340 3424 tribuet?

211 3608 243 3654 12
258 3603 292 3667 cf.
310 3603 401 3656 Victor
412 3602 485 3656 Caes.
497 3607 521 3666 4,
534 3608 574 3655 11.
591 3607 662 3668 4,10
691 3604 867 3671 1111115151
882 3607 918 3672 (a.
931 3608 1036 3672 11222,
1048 3606 1075 3672 6)
1159 3605 1192 3652 20
1208 3598 1287 3665 Epit.

136 3688 213 3747 111
236 3682 424 3751 Agrippinam
448 3680 607 3735 Germanici
633 3683 729 3736 fratris
755 3686 798 3738 sui
822 3685 911 3738 filiam
934 3700 1049 3736 uxorem
1073 3682 1160 3734 duxit.
1197 3680 1288 3732 Victor·

137 3765 296 3828 Caee.4,12
315 3779 402 3830 eoque
422 3761 539 3815 herilem
558 3763 711 3816 stultitiam
728 3765 891 3832 perpulere,
916 3765 958 3817 uti
982 3780 1066 3817 senex
1085 3762 1180 3815 fratris
1200 3759 1287 3811 filiam

135 3844 165 3894 in
185 3842 300 3910 nuptias
320 3844 537 3911 concupisceret.
561 3844 596 3908 cs.
612 3845 697 3898 Sebol.
713 3847 777 3898 Ian.
793 3851 820 3910 2,
830 3850 867 3900 29

208 4065 223 4108 3
244 4060 272 4111 et
291 4074 447 4127 cognomen
462 4057 530 4120 GX,
556 4060 584 4112 et
603 4074 757 4128 cognomen
777 4064 805 4114 et
821 4065 867 4125 M,
892 4075 1047 4128 cognomen
1066 4060 1094 4109 et
1116 4059 1140 4107 Τ
1230 4051 1286 4104 cal-

135 4137 213 4209 mille
231 4140 267 4192 M
326 4139 561 4207 tquodquotM
622 4139 680 4192 eius
700 4157 749 4194 om.
766 4142 813 4194 M1
827 4143 874 4208 (ei’
895 4141 1012 4194 11111111
1025 4135 1120 4204 aff)
1201 4131 1286 4184 bad-

135 4218 190 4270 huc
204 4236 255 4271 one.
272 4219 325 4287 HQ
391 4225 405 4271 1
425 4218 627 4287 urgulanillam
640 4224 680 4284 Μ,
701 4221 812 4290 bergul-
828 4225 855 4276 P
872 4222 1022 4290 (praecedit
1035 4216 1179 4286 plautius),
1195 4211 1286 4279 ergel-

135 4299 234 4367 (ercul-
254 4300 344 4369 GHQ)
363 4301 409 4353 rel.
510 4300 787 4356 9offensionibusG
879 4299 1048 4370 ergulanilla
1067 4301 1136 4365 (erc-
1157 4293 1286 4361 (11111111

138 4380 335 4433 1311110111ἱ
388 4381 595 4449 consignatiM
648 4389 680 4435 15
696 4384 828 4450 quatinus
842 4383 914 4452 QRS
970 4387 1000 4433 11
1017 4395 1046 4432 se
1062 4374 1175 4430 confodi
1189 4371 1289 4426 Psol'

138 4465 168 4511 19
187 4460 312 4528 pallinae
327 4465 356 4512 X
426 4467 459 4513 20
479 4461 522 4513 sui
541 4479 591 4514 orn.
608 4464 634 4516 G
707 4469 740 4515 ‘25
759 4465 870 4534 ingesta
887 4463 968 4518 Mac
