3166 5106
542 365 570 419 Ο.
591 365 770 420 CALIGVLA
790 377 855 426 [cnr.
872 378 959 428 rr-rs]
1248 369 1312 433 173

163 527 330 614 cogitauit.
380 550 455 591 nam
491 527 642 592 Baiarum
679 528 819 593 medinm
856 529 1062 595 interuallum
1100 531 1312 596 lPuteolanas

163 633 278 717 moleS,
306 633 406 698 trium
433 634 559 698 milium
587 639 619 698 et
643 640 860 699 sescentorum
888 635 954 700 fere
982 659 1135 721 passuum
1163 640 1312 722 spatium,

163 744 264 823 ponte
293 741 461 832 coniunxit
489 741 661 806 contractis
689 741 831 825 undique
860 743 1015 807 onerariis
1042 745 1180 808 nauibus
1209 750 1241 810 et
1265 767 1313 809 or-

165 845 239 911 dine
267 845 388 930 duplici
417 846 456 910 ad
485 846 669 932 anc[lr]oras
701 846 877 913 conlocatis
910 849 1155 934 superiectoque
1187 855 1313 916 terreno

129 973 203 1019 aaa
231 952 357 1017 derecto
387 953 421 1017 in
444 951 568 1038 Appiae
595 955 668 1018 uiae
696 953 840 1019 formam.
882 978 941 1039 per
963 954 1050 1021 hunc
1072 961 1204 1041 pontem
1227 959 1313 1023 ultro
1333 976 1349 1022 2

166 1059 254 1126 citro¹
273 1061 467 1124 commeauit
488 1060 586 1126 biduo
611 1061 805 1143 continenti,
830 1061 934 1145 primo
963 1062 1014 1126 die
1041 1063 1207 1147 phalerato
1231 1087 1314 1148 equo

166 1165 367 1252 insignisque
392 1187 527 1249 quercea
550 1188 669 1231 corona
692 1171 724 1231 et
748 1172 853 1232 caetra
877 1173 907 1231 et
926 1168 1034 1254 gladio
1053 1192 1212 1253 aureaque
1231 1170 1316 1234 chlu-

166 1272 275 1356 myde,
298 1272 454 1356 postridie
479 1272 683 1359 quadrigario
706 1272 822 1339 habitu
844 1275 1066 1360 curriculoque
1075 1277 1315 1384 Qfamo-

166 1401 275 1443 sorum
303 1401 474 1462 equorum,
501 1401 577 1463 prae
606 1401 640 1444 se
668 1380 772 1444 ferens
796 1379 937 1445 Dareum
960 1405 1096 1466 puemm
1119 1405 1158 1448 cx
1182 1383 1316 1449 Partho-

116 1511 152 1552 ιο
167 1507 238 1550 rnm
263 1484 442 1569 obsidibus,
471 1486 646 1551 comitante
668 1489 945 1571 praetorianorum
971 1489 1098 1574 agmine
1121 1494 1153 1554 et
1178 1489 1211 1552 in
1234 1511 1316 1554 esse-

168 1592 217 1655 dis
250 1592 382 1658 cohorte
414 1593 599 1660 amicorum
641 1594 708 1658 saio
738 1594 909 1679 plerosque
942 1596 1140 1662 existimasse
1173 1598 1269 1661 talem
1298 1614 1351 1660 aa

169 1696 249 1763 Gaio
277 1703 410 1783 pontem
438 1696 658 1784 excogitatum
686 1701 899 1766 aemulatione
927 1701 1057 1787 Xerxis,
1081 1705 1226 1786 quinon
1249 1705 1317 1767 sine
1366 1781 1368 1784 Ι

168 1804 378 1871 admiratione
409 1805 575 1890 aliquanto
606 1808 824 1894 angustiorem
855 1807 1103 1893 Hellespontum
1133 1809 1318 1874 contabula-

168 1911 266 1996 uerit,
290 1912 379 1996 alios,
403 1916 440 1978 ut
464 1911 667 1978 Germaniam
691 1919 723 1978 et
745 1914 957 1999 Britanniam,
980 1915 1097 2001 quibus
1120 1917 1318 1999 imminebat,

56 2089 59 2096 ¹
120 2041 153 2084 rs
168 2019 303 2084 alicuius
326 2019 464 2084 inmensi
484 2021 589 2104 operis
608 2021 694 2086 fama
712 2023 883 2086 territaret.
926 2023 980 2086 sed
1000 2044 1098 2086 auum
1116 2044 1223 2086 meum
1247 2044 1317 2085 nar-

167 2130 291 2189 rantem
315 2148 395 2208 puer
425 2126 594 2191 audiebam
624 2149 751 2192 causam
781 2129 885 2211 operis
909 2128 949 2192 ab
973 2128 1180 2192 interioribus
1204 2128 1317 2192 aulicis

167 2232 343 2316 proditam,
374 2233 461 2316 quod
483 2231 714 2317 Thrasyl<l>us
737 2234 983 2301 mathematicus
1007 2237 1102 2300 anxio
1126 2235 1165 2299 de
1196 2256 1318 2299 succes-

168 2359 240 2402 sore
264 2337 393 2404 Tiberio
419 2342 451 2402 et
481 2340 516 2402 in
543 2362 655 2404 uerum
683 2345 833 2424 nepotem
856 2343 1001 2425 proniori
1025 2342 1218 2406 affirmasset
1243 2363 1319 2405 non

168 2445 290 2529 magis
310 2442 443 2510 Gaium
467 2445 746 2530 imperaturum
770 2470 877 2531 quam
902 2471 969 2532 per
987 2448 1171 2514 Baianum
1195 2447 1319 2512 sinum

124 2551 277 2633 araquio
301 2550 574 2617 discursurum.

243 2787 256 2833 1
277 2781 356 2850 Epit.
372 2785 423 2847 3,9
442 2779 471 2832 in
491 2781 583 2849 spatio
603 2781 689 2834 trium
706 2781 825 2847 milium,
845 2783 921 2849 quod
939 2781 969 2835 in
989 2784 1052 2836 sinu
1071 2784 1227 2839 Puteolano
1246 2785 1320 2840 inter

168 2860 257 2914 moles
277 2860 389 2929 (molem
405 2861 536 2926 Landolsi
555 2861 612 2915 eod.
628 2878 662 2914 m.
677 2863 705 2929 2)
725 2861 808 2927 iacet,
824 2862 931 2931 duplici
946 2864 1044 2917 ordine
1059 2881 1145 2917 naues
1161 2868 1319 2931 contexens,

165 2957 273 2994 arenae
293 2935 412 3010 aggestu
432 2941 468 2993 ad
487 2943 578 2993 terrae
593 2939 716 3009 speciem
734 2942 812 2994 uiam
831 2942 982 2996 solidatam
998 2943 1146 3016 phaleratq
1165 2944 1227 3013 (fal-
1243 2947 1320 2999 Lan-

170 3022 248 3089 dolf.)
268 3037 340 3090 equo
359 3019 479 3089 insignis
499 3037 618 3089 quercea
637 3023 687 3090 (sie
704 3022 849 3087 Scholtias,
872 3022 1048 3092 insignisque
1067 3040 1149 3077 aerea
1168 3026 1258 3091 codd,
1277 3026 1320 3079 in-

170 3101 260 3170 signis
275 3116 417 3168 querquea
433 3101 575 3166 Laodolft
591 3117 701 3166 corona,
721 3102 802 3168 quasi
819 3102 996 3170 triumphans
1010 3103 1126 3156 indutus
1142 3121 1226 3158 aureo
1241 3105 1321 3173 palu·

170 3181 317 3246 damento,
342 3197 424 3234 curru
446 3180 538 3251 biiugi
567 3181 733 3234 decucurrit.
770 3184 803 3248 cf.
827 3184 892 3236 Vlct.
906 3184 979 3237 Caes.
995 3187 1051 3248 4,3
1074 3183 1166 3240 adhue
1193 3201 1321 3238 annonae

169 3263 283 3331 egestas
298 3261 463 3329 composita,
478 3277 563 3328 quam
574 3259 704 3330 Caligula
718 3261 873 3327 inuexerat,
889 3279 952 3315 cum
967 3263 1076 3316 adactis
1086 3266 1146 3316 toto
1162 3265 1227 3318 orbe
1242 3265 1321 3317 naui-

169 3339 226 3410 giis
238 3340 367 3409 peruium
379 3357 456 3394 mare
468 3339 586 3394 theatris
604 3340 786 3409 curribusque
798 3342 901 3396 damno
916 3342 1030 3411 publico
1043 3343 1152 3397 efficere
1168 3345 1320 3398 contendit.

245 3531 259 3578 1
279 3525 432 3581 Baulorum
444 3527 513 3581 Oud.
529 3529 597 3595 (Dio
612 3531 698 3592 59,17
712 3529 877 3596 γεφυρώσας
891 3529 921 3582 τὸ
935 3529 1036 3597 μεταξὺ
1050 3538 1106 3583 τῶν
1118 3549 1146 3584 τε
1157 3531 1322 3586 Πουτεόλων

171 3607 294 3661 καὶτῶν
314 3607 441 3676 Baetae)
527 3607 721 3678 interuallum]
741 3607 815 3660 iuter
833 3609 935 3663 Baulos
955 3612 983 3662 et
1001 3611 1136 3665 Brtehelcr
1224 3614 1253 3665 et
1271 3631 1323 3681 pu-

171 3686 301 3741 teolanas
325 3689 364 3755 (et
382 3705 415 3741 sa
435 3705 469 3740 m.
486 3693 547 3742 lat
565 3688 634 3755 ald.)
653 3688 756 3756 Medd.
769 3690 837 3756 pler.
849 3695 912 3758 post
931 3691 1075 3757 Beroald,
1100 3694 1128 3744 et
1150 3691 1323 3746 Puteolanae

172 3767 254 3821 molis
278 3769 317 3821 ed.
334 3768 423 3822 Basa.
444 3771 525 3833 1533,
547 3767 641 3836 (iad),
664 3784 753 3834 usque
777 3769 813 3822 ad
836 3768 865 3822 P.
885 3770 924 3824 ed.
947 3771 1322 3838 Vea.1490,usqueP.ed.

174 3848 266 3902 Paria
276 3851 349 3902 1509
363 3848 468 3916 (malim
481 3846 651 3901 Puteolanas
665 3851 773 3917 usquc),
788 3847 957 3903 Puteolanas
977 3850 1013 3902 ad
1032 3851 1106 3920 aalp.
1118 3857 1182 3920 post
1197 3853 1324 3920 Oasaab,

173 3927 210 3980 ad
224 3926 254 3982 P.
269 3943 282 3980 e
297 3927 353 3981 cod.
373 3927 448 3982 Torr.
465 3928 538 3982 noto
606 3930 835 3981 asexeentcrum
846 3931 925 3999 XHQ
979 3932 1169 3985 4ancorasT
1221 3948 1324 4002 aggere

171 4014 233 4075 porr
251 4007 465 4075 superiectoque
484 4007 548 4060 add.
567 4005 643 4060 r'P2
657 4007 737 4077 (edd.)
812 4015 827 4061 6
847 4008 966 4062 falerato
981 4013 1007 4062 a
1084 4016 1097 4062 7
1117 4010 1236 4080 insignis
1256 4029 1323 4080 quo-

173 4090 277 4155 queX
363 4102 482 4155 quercea
503 4107 517 4154 ρ
537 4087 644 4155 (Roth),
668 4086 809 4153 quiercioa
825 4091 862 4142 M
866 4089 900 4153 G,
922 4090 1053 4156 queroica
1075 4093 1124 4156 Τὸ,
1146 4107 1228 4144 aerea
1250 4094 1324 4162 (eren

175 4167 235 4232 PT,
250 4182 318 4220 exea
332 4166 375 4235 8¹)
387 4170 420 4232 X,
435 4181 520 4219 aurea
536 4165 617 4232 L2S’,
632 4167 765 4232 quercina
779 4169 877 4236 (Lips.)
895 4176 919 4222 et
934 4185 1056 4236 qucrnea
1071 4187 1095 4237 ς,
1111 4189 1149 4224 aa
1164 4172 1325 4240 querquea?

175 4247 220 4314 (cs.
235 4248 330 4302 teatina.
345 4249 440 4316 supra)
527 4247 642 4300 caethra
657 4247 705 4313 L1,
715 4248 821 4318 *oqtura
840 4251 905 4318 (cet-
916 4249 979 4319 HQ)
991 4251 1083 4304 Man
1099 4258 1124 4304 ct
1134 4267 1187 4318 pro
1201 4269 1228 4304 a.
1245 4254 1260 4306 l.
1276 4253 1325 4319 La,

175 4325 311 4394 cathedra
325 4326 427 4380 POST
442 4328 529 4394 (cetra
544 4328 667 4394 priorum
685 4330 717 4380 la
735 4328 775 4380 ed.
791 4330 862 4383 Boc.
879 4333 961 4397 1488)
1034 4335 1050 4382 8
1069 4334 1186 4399 postero
1202 4331 1248 4384 die
1265 4334 1290 4387 G

86 4475 91 4482 .
176 4405 352 4475 quadrigarii
368 4407 483 4476 [lipsius
531 4405 593 4476 bigi
609 4407 634 4459 G
677 4412 709 4460 12
729 4407 827 4462 Xerxis
843 4409 940 4477 (xersis
955 4411 986 4462 la
1000 4411 1144 4481 archetypo
1158 4412 1223 4481 fait)
1243 4430 1326 4481 usqae

176 4486 363 4540 admiratione
378 4486 471 4542 onaG
527 4492 559 4540 13
575 4486 768 4554 angustiorum
784 4491 820 4542 M
874 4494 906 4542 18
922 4489 951 4541 in
965 4508 1015 4544 om.
1028 4492 1065 4544 M
1078 4493 1185 4559 (uerum
1199 4491 1228 4544 in
1245 4493 1325 4562 Oad.)
