3136 5100
207 345 211 352 ⁵
261 377 327 444 260
610 377 638 432 o.
657 377 815 432 svuroru
833 377 1057 443 anonumum

261 565 373 627 pessus
401 546 558 607 terrarum
589 543 676 607 orbis
706 541 834 606 tandem
863 542 1022 624 destituit,
1052 543 1182 604 initium
1216 541 1409 606 facientibus

264 649 364 713 Gallis
388 649 468 712 duce
491 645 575 713 iulio
591 647 735 732 Vindice,
759 650 815 731 qui
838 651 907 712 tum
932 670 1001 712 eam
1020 649 1222 731 prouinciam
1241 671 1300 733 pro
1319 671 1410 732 praa

261 760 331 820 tore
355 755 529 840 optinebat.

226 882 242 928 a
350 861 555 926 Praedictum
587 885 606 925 a
637 861 872 925 mathematicis
905 861 1027 925 Neroni
1061 861 1139 926 olim
1172 867 1240 925 erat
1272 863 1340 926 fore
1373 867 1411 926 ut

264 969 455 1052 quandoque
484 969 724 1053 destitueretur,
752 969 837 1032 unde
860 967 917 1032 illa
939 991 1004 1032 uox
1026 969 1101 1032 ‘eius
1128 968 1350 1032 celeberrima:
1373 971 1410 1033 τὸ
1440 993 1453 1033 ι

262 1076 394 1160 τέχνιον
417 1076 501 1160 ἡμᾶς
525 1073 707 1160 διατρέφει,
736 1097 799 1158 quo
829 1076 949 1140 maiore
976 1075 1098 1141 scilicet
1125 1076 1220 1140 uenia
1242 1075 1411 1139 meditare

262 1188 316 1247 tur
341 1183 588 1248 citharoedicam
611 1186 725 1263 artem,
749 1181 887 1267 principi
911 1182 972 1245 sibi
996 1186 1130 1268 gratam.
1153 1183 1281 1266 priuato
1305 1204 1410 1246 neces-

263 1290 388 1355 sariam.
430 1289 667 1372 spoponderant
689 1293 796 1352 tamen
816 1289 946 1372 quidam
970 1287 1125 1353 destituto
1145 1287 1286 1352 Orientis
1310 1289 1411 1353 domi·

262 1397 434 1478 nationem,
457 1395 605 1460 nonnulli
628 1396 820 1460 nominatim
843 1418 979 1482 regnum
1003 1394 1318 1480 Hierosolymorum,
1341 1396 1411 1478 plu-

256 1527 312 1571 res
338 1504 441 1566 omnis
464 1485 620 1588 pristinae
643 1504 790 1566 fortunae
813 1502 1060 1568 restitutionem.
1103 1504 1154 1566 cui
1178 1503 1245 1586 spei
1269 1503 1410 1587 pronior,
1426 1527 1454 1566 ro

262 1611 433 1678 Britannia
455 1602 679 1694 Armeniaque
697 1611 815 1674 amissa
838 1631 875 1674 ac
897 1632 1008 1672 rursus
1031 1614 1167 1693 utraque
1191 1614 1332 1693 recepta,
1360 1610 1411 1673 de
1520 1623 1524 1628 ’

228 1719 411 1783 afunctum
444 1739 477 1782 se
509 1717 661 1780 fatalibus
695 1717 788 1780 malis
821 1717 1034 1780 existimabat.
1085 1720 1122 1782 ut
1154 1738 1230 1780 uero
1263 1717 1410 1780 consulto

264 1824 399 1908 Delphis
429 1823 580 1908 Apolline
609 1824 902 1910 septuagensimum
931 1844 967 1888 ac
996 1824 1128 1887 tertium
1157 1845 1276 1887 annum
1299 1844 1411 1887 cauen-

264 1931 340 1994 dum
369 1931 431 1994 sibi
455 1931 593 2013 audiuit,
624 1931 715 2012 quasi
739 1952 776 1993 eo
808 1931 935 1993 demum
967 1930 1128 2015 obiturus,
1158 1952 1194 1994 ac
1223 1930 1306 1993 nihil
1338 1951 1410 1994 con·

264 2038 386 2102 iactans
414 2038 453 2101 de
482 2031 585 2102 aetate
615 2035 747 2110 Galbae,
775 2041 865 2101 tanta
893 2038 1010 2100 fiducia
1037 2059 1103 2100 non
1131 2038 1226 2101 modo
1250 2042 1408 2101 senectam
1425 2059 1448 2097 ιι

263 2134 320 2209 sed
348 2147 444 2209 etiam
473 2150 658 2228 perpetuam
690 2145 949 2230 singularemque
978 2145 1125 2228 concepit
1151 2142 1353 2227 felicitatem,
1375 2146 1411 2206 ut

266 2252 392 2316 amissis
420 2253 588 2336 naufragio
616 2251 859 2335 pretiosissimis
887 2251 982 2314 rebus
1010 2272 1075 2314 non
1104 2248 1301 2314 dubitauerit
1328 2251 1411 2315 inter

265 2381 340 2423 suos
364 2360 467 2424 dicere
492 2359 617 2442 pisces
641 2380 702 2422 eas
726 2359 801 2422 sibi
824 2358 1025 2422 relaturos.

228 2484 246 2530 4
353 2465 491 2549 Neapoli
520 2466 558 2529 de
589 2470 680 2530 motu
705 2464 883 2528 Galliarum
907 2465 1060 2550 cognouit
1084 2465 1135 2528 die
1163 2464 1234 2547 ipso
1260 2486 1323 2548 quo
1347 2487 1411 2527 ma-

265 2578 347 2636 trem
376 2573 547 2654 occiderat,
578 2573 720 2656 adeoque
749 2573 835 2636 lente
865 2593 902 2636 ac
931 2593 1040 2636 secure
1071 2572 1147 2635 tulit
1177 2574 1213 2634 ut
1243 2571 1410 2657 gaudentis
1425 2591 1450 2630 n

265 2681 363 2745 etiam
388 2680 603 2764 suspicionem
626 2680 794 2764 praeberet
812 2683 976 2762 tamquam
997 2679 1162 2742 occasione
1180 2683 1257 2742 nata
1276 2677 1411 2761 spoliau-

266 2788 379 2850 darum
407 2787 475 2852 iure
502 2787 580 2850 belli
609 2786 925 2870 opulentissimarum
956 2785 1208 2869 prouinciarum3
1239 2786 1411 2867 statimque

266 2897 300 2958 in
324 2895 528 2978 gymnasium
551 2915 741 2979 progressus
765 2894 916 2956 certantis
936 2891 1074 2955 athletas
1093 2891 1286 2954 effusissimo
1307 2889 1410 2954 studio

267 3001 433 3085 spectauit.
485 3022 580 3065 cenae
622 3022 750 3084 quoque
786 3004 931 3082 tempore
972 2998 1194 3081 interpellatus
1237 2996 1413 3061 tumultuo-

267 3109 405 3172 sioribus
428 3107 545 3171 litteris
578 3107 732 3170 hactenus
766 3106 949 3188 excanduit,
981 3110 1018 3169 ut
1052 3104 1172 3168 malum
1205 3105 1246 3168 iis
1280 3105 1335 3186 qui
1362 3103 1412 3167 de·
1427 3124 1453 3163 rs

267 3216 402 3279 scissent
438 3215 623 3278 minaretur.
671 3214 806 3296 denique
839 3235 896 3297 per
933 3216 1005 3276 octo
1043 3212 1212 3276 continuos
1250 3210 1316 3274 dies
1349 3232 1413 3273 non

266 3322 439 3386 rescribere
468 3322 632 3404 cuiquam,
659 3343 724 3383 non
753 3318 903 3383 mandare
931 3319 1009 3402 quid
1037 3323 1093 3382 aut
1116 3318 1299 3401 praecipere
1322 3337 1414 3379 oona-

214 3424 258 3490 41
267 3433 319 3492 tus
344 3451 411 3492 rem
440 3427 569 3493 silentio
594 3425 831 3514 oblitlt]erauit.
873 3425 986 3490 edictis
1013 3426 1143 3490 tandem
1166 3423 1313 3487 Vindicis
1342 3444 1415 3486 con·

267 3516 447 3599 tumeliosis
476 3534 752 3618 etfrequentibus
780 3537 945 3616 permotus
975 3535 1121 3596 senatum
1149 3530 1289 3614 epistula
1312 3531 1347 3592 in
1368 3529 1417 3592 ul-

268 3643 388 3707 tionem
412 3644 463 3707 sui
486 3643 595 3726 reique
618 3641 765 3724 publicae
789 3640 977 3704 adhortatus
1001 3643 1064 3722 est,
1087 3641 1236 3702 excusato
1260 3637 1417 3722 languore
1431 3658 1459 3696 ao

341 3807 372 3853 11
393 3818 420 3854 n.
440 3800 477 3854 ud
493 3804 599 3869 12258,
610 3804 644 3853 14

340 3952 478 4007 tGalliis
492 3953 609 4026 Bentley
682 3949 886 4006 tereberrima
900 3951 1016 4020 Bentley
1089 3950 1133 4001 tot
1151 3947 1278 4002 ΕΧΝΙΟΝ
1294 3947 1338 4013 Μ,
1355 3947 1419 4000 tote

269 4034 391 4088 οΧΝΙΟΝ
410 4037 445 4100 Χ,
464 4033 711 4087 ΤΟΥΕΧΝΙΟΝΤ
782 4035 797 4084 6
817 4030 1017 4085 claresces!
1037 4029 1115 4099 (clc-
1128 4029 1163 4097 L,
1182 4025 1255 4084 le-
1270 4027 1304 4096 S)
1324 4026 1418 4095 Mna,

269 4114 380 4184 &loheel
399 4113 590 4182 claussen
614 4114 670 4178 rel,
690 4109 843 4180 ὃιαθρέψει
866 4111 1008 4166 Turnebus
1031 4109 1168 4176 eDione,
1191 4108 1235 4162 ἀεὶ
1258 4105 1355 4175 τρέφει
1377 4109 1418 4162 Ia.

275 4195 386 4248 Vossins
455 4199 471 4247 8
490 4194 603 4262 quidem
623 4195 648 4263 (e
662 4211 751 4263 paene
766 4195 854 4262 erasa)
871 4193 909 4248 M
964 4188 1185 4244 dominationem
1200 4187 1419 4257 (ordinationem

269 4277 311 4344 Π)
332 4273 447 4328 orientis
466 4276 491 4326 Τ
552 4278 586 4326 10
605 4277 664 4328 oms
680 4276 717 4328 M
779 4278 811 4325 12
830 4272 913 4326 maha
928 4269 1064 4325 fatalibus
1079 4269 1232 4342 estimabat
1247 4268 1273 4322 G
1329 4274 1362 4322 19
1381 4267 1419 4322 de

269 4353 331 4422 ipso
347 4353 396 4422 qui
412 4353 438 4407 G
526 4359 559 4406 20
579 4353 729 4423 gaudentis
747 4354 916 4418 Beroaldus,
935 4351 1145 4420 gaudentib(us)
1168 4347 1278 4420 (dandi
1297 4348 1367 4417 HR)
1382 4351 1419 4416 a,

265 4435 448 4504 perscriptam
471 4435 502 4488 ιἰι
527 4434 553 4488 G
632 4439 663 4486 21
690 4433 865 4487 occasionem
883 4434 983 4488 nactus
1002 4450 1019 4492 ς
1038 4431 1154 4502 Bentley
1236 4434 1269 4482 28
1287 4427 1420 4482 Vindicis

270 4516 342 4584 (ct)
362 4515 478 4583 Bentley
