3136 5100
259 382 325 447 212
608 379 636 434 0.
657 379 813 433 aaaron
832 379 1055 444 rainerum

259 566 362 627 neque
376 548 567 628 temptatam
581 544 641 606 ulli
654 547 730 626 post
742 543 864 606 Diuum
879 539 998 606 Iulium
1018 547 1050 606 et
1063 550 1141 608 tuno
1155 542 1403 607 tumultuantem

225 652 302 716 acb
333 673 398 716 non
428 651 570 714 redditos
601 650 793 734 transfugas.
841 649 907 714 huc
936 670 1009 713 cum
1039 649 1078 714 ab
1110 648 1201 713 Ostia
1230 649 1405 735 nauigaret,

261 757 443 822 uehementi
463 757 560 822 circio
579 757 630 821 bis
653 777 753 840 paene
774 756 937 820 demersus
960 760 1019 838 est,
1036 777 1137 839 prope
1154 755 1319 841 Liguriam
1338 756 1406 818 iux-

260 869 359 947 taque
392 862 630 946 St0<e>chadas
663 863 794 927 insulas.
845 885 943 945 quare
975 886 994 926 a
1025 862 1168 927 Massilia
1202 861 1406 926 Gesoriacum

261 991 363 1054 usque
390 970 529 1054 pedestri
558 971 673 1034 itinere
701 970 846 1033 confecto
875 969 949 1032 inde
976 969 1156 1032 transmisit
1184 990 1220 1032 ae
1248 971 1316 1034 sine
1338 969 1406 1033 ullo
1433 991 1444 1030 a

260 1076 385 1160 proelio
409 1081 465 1140 aut
489 1078 647 1162 sanguiue
674 1076 759 1140 intra
786 1077 999 1159 paucissimos
1023 1075 1089 1138 dios
1112 1080 1204 1158 parte
1228 1075 1351 1139 insulae
1374 1077 1407 1138 in

263 1183 458 1248 deditionem
481 1188 617 1266 recepta,
641 1187 733 1246 sexto
757 1205 852 1266 quam
873 1182 1038 1264 profectus
1057 1185 1125 1245 erat
1144 1202 1252 1245 mense
1271 1181 1407 1246 Romam

229 1309 244 1352 a
265 1290 361 1354 rediit
388 1289 666 1373 triumphauitque
693 1290 835 1353 maximo
863 1292 1028 1372 apparatu.
1071 1288 1110 1351 ad
1134 1288 1223 1351 cuius
1248 1293 1407 1372 spectacu-

263 1397 329 1459 lum
355 1417 533 1461 commeare
552 1397 586 1460 in
608 1395 718 1459 urbem
739 1417 805 1459 uon
824 1395 929 1459 solum
947 1394 1148 1479 praesidibus
1167 1396 1407 1477 prouinciarum

262 1505 418 1587 permisit,
441 1525 553 1568 uerum
577 1504 673 1566 etiam
697 1501 844 1567 exulibus
864 1502 1070 1586 quibusdam,
1093 1506 1189 1584 atque
1206 1503 1292 1564 inter
1310 1501 1447 1566 hosti-10

262 1610 306 1673 lia
335 1609 438 1693 spolia
466 1610 614 1674 naualem
643 1630 793 1673 coronam
821 1609 953 1694 fastigio
980 1606 1145 1671 Palatinae
1174 1609 1287 1671 domus
1320 1610 1408 1672 iuxta

264 1718 399 1783 ciuicam
423 1717 504 1801 fixit,
528 1717 655 1781 traiecti
673 1720 705 1779 et
724 1717 816 1799 quasi
834 1716 949 1779 domiti
968 1712 1085 1779 Oceani
1103 1717 1237 1799 insigne.
1280 1737 1408 1780 currum

264 1826 333 1888 eius
348 1822 522 1888 Messalina
544 1844 627 1886 uxor
645 1826 797 1905 carpento
818 1827 926 1888 secuta
944 1826 1006 1905 est3
1031 1821 1130 1885 secuti
1151 1826 1183 1885 et
1201 1821 1409 1906 triumphalia

264 1934 453 1995 ornamenta
476 1930 586 1994 eodem
613 1929 698 1994 bello
722 1929 838 2012 adepti,
862 1929 917 1992 sed
941 1930 1038 1992 ceteri
1060 1927 1196 2010 pedibus
1219 1932 1251 1991 et
1270 1929 1303 1990 in
1322 1949 1409 2011 prae

264 2042 366 2122 texta,
389 2037 432 2100 M.
453 2035 586 2101 Crassus
610 2035 710 2121 Frugi
739 2057 822 2118 equo
846 2035 1013 2118 phalerato
1037 2038 1069 2098 et
1092 2036 1126 2098 in
1149 2039 1238 2098 ueste
1260 2035 1446 2118 palmatas

266 2145 352 2227 quod
376 2167 449 2208 eum
472 2144 629 2207 horrorem
653 2144 832 2206 iterauerat.
1414 2144 1416 2156 '

214 2248 259 2314 18
355 2249 455 2313 Vrbis
478 2271 686 2332 annonaeque
709 2270 818 2312 curam
842 2247 1071 2312 sollicitissime
1090 2269 1215 2330 semper
1233 2249 1308 2334 egit.
1339 2269 1409 2311 eum

265 2355 445 2420 Aemiliana
468 2357 662 2440 pertinacius
687 2356 843 2438 arderent,
865 2357 899 2418 in
919 2354 1101 2418 diribitorio
1122 2354 1244 2418 duabus
1261 2353 1410 2418 noctibus

266 2464 384 2526 mansit
407 2485 443 2526 ac
467 2463 634 2526 deficiente
658 2462 797 2526 militum
817 2483 854 2525 ac
872 2461 1067 2524 familiarum
1091 2461 1185 2524 turba
1205 2460 1324 2524 auxilio
1348 2460 1410 2544 ple·

229 2615 230 2618 ,
266 2569 339 2632 bem
362 2591 420 2652 per
444 2571 652 2654 magistratus
676 2590 715 2632 ex
739 2570 889 2634 omnibus
917 2569 998 2631 uicis
1023 2569 1215 2632 conuocauit
1238 2589 1274 2630 ac
1296 2568 1409 2652 positis
1425 2589 1448 2627 rc

268 2679 342 2738 ante
372 2697 406 2738 se
437 2694 509 2738 curn
540 2677 675 2758 pecunia
703 2676 790 2738 fiscis
821 2675 861 2739 ad
891 2675 1146 2739 subueniendum
1175 2673 1323 2737 hortatus
1356 2678 1410 2756 est,

139 2835 142 2843 .
232 2785 511 2864 erepraesentans
543 2804 603 2865 pro
633 2804 729 2865 opera
758 2783 886 2868 dignam
919 2783 1033 2864 cuique
1062 2781 1249 2845 mercedem.
1295 2781 1411 2844 artiore

268 2892 376 2952 autem
401 2909 527 2952 annona
551 2889 593 2951 ob
617 2888 761 2953 assiduas
786 2888 972 2952 sterilitates
997 2888 1143 2951 detentus
1168 2888 1328 2970 quondam
1350 2909 1411 2950 me-

268 2995 321 3058 dio
345 2994 417 3058 fore
442 3017 460 3056 a
483 2994 579 3058 turba
602 2996 821 3079 conuiciisque
845 2999 876 3058 01
895 2994 992 3058 simul
1014 2994 1229 3080 fragminibus
1252 2995 1344 3077 panis
1368 2995 1412 3056 ita

268 3101 448 3186 infestatus,
472 3106 508 3165 ut
531 3122 625 3186 aegre
647 3122 706 3164 neo
729 3103 792 3166 nisi
816 3102 940 3185 postico
964 3100 1098 3164 euadere
1121 3101 1155 3162 in
1178 3100 1338 3164 Palatium
1360 3123 1411 3163 ua·
1426 3118 1449 3158 a

266 3208 373 3292 luerit,
396 3207 478 3271 nihil
501 3229 566 3270 non
590 3208 857 3294 ex[eo]cogitauit
881 3207 920 3271 ad
939 3206 1136 3270 inuehendos
1156 3208 1252 3270 etiam
1271 3211 1412 3290 tempore

267 3316 402 3379 hiberno
426 3319 632 3378 commeatus.
674 3337 748 3378 nam
778 3319 809 3378 et
836 3313 1093 3399 negotiatoribus
1122 3318 1209 3379 certa
1231 3313 1320 3378 luera
1343 3336 1412 3398 pro-

359 3531 391 3577 22
413 3527 504 3579 Victor
521 3525 593 3578 Coeo.
609 3529 662 3591 4,3
682 3526 774 3577 adbuc
793 3541 920 3578 annonae
940 3528 1050 3593 egestas
1069 3523 1232 3592 composita.
1268 3524 1343 3578 Oros.
1360 3525 1419 3578 VII

270 3609 346 3670 6,17
365 3605 494 3672 sequenti
513 3621 587 3656 anno
606 3607 687 3658 tanta
705 3604 793 3658 fames
812 3605 917 3658 Romae
936 3605 999 3672 fuit,
1023 3606 1055 3657 ut
1072 3604 1165 3657 medio
1184 3604 1245 3657 foro
1263 3603 1416 3672 imperator

269 3685 412 3752 correptus
433 3700 449 3736 a
468 3685 573 3752 populo
593 3683 728 3737 conuiciis
747 3687 775 3738 et
789 3685 980 3754 ¹fragminibus
995 3685 1076 3753 panis
1091 3683 1252 3753 turpissime
1266 3683 1415 3737 infestatus

271 3780 354 3833 aegre
373 3779 424 3831 per
441 3764 663 3832 pseudothyrum
682 3765 712 3817 in
730 3765 872 3818 Palatium
895 3764 1037 3834 refugiens
1056 3763 1179 3818 furorem
1198 3763 1338 3817 excitatae
1357 3763 1415 3833 ple·
1539 3757 1540 3818 1

269 3844 314 3897 bis
334 3843 463 3897 suaserit.
1539 3853 1540 3860 ’

342 4029 357 4074 2
378 4021 425 4092 ab]
445 4022 482 4074 ad
503 4023 528 4077 θ
547 4022 650 4091 (hostia
668 4024 743 4077 codd.
755 4030 866 4090 praeter
882 4021 1006 4091 GHP82)
1099 4027 1115 4072 4
1135 4021 1306 4075 Stoechadas
1326 4039 1342 4080 ς
1366 4022 1415 4090 (ed.

277 4105 339 4157 Vere.
347 4105 412 4172 pe),
427 4102 576 4155 stechadas
588 4103 682 4169 Mer,
698 4105 789 4155 steca·
805 4107 834 4154 X
885 4120 901 4155 a
920 4102 993 4169 (edd.
1009 4103 1040 4155 ia
1051 4104 1088 4155 M
1095 4119 1129 4154 m.
1140 4104 1166 4170 1)
1181 4102 1231 4155 del.
1245 4101 1379 4155 Graevius

271 4182 460 4250 gessoriacum
475 4186 508 4247 X,
522 4185 585 4248 fort.
604 4181 815 4237 000111-(100001-
889 4188 957 4235 tac
978 4183 1052 4237 Ocea.
1127 4189 1159 4235 12
1178 4181 1297 4234 traiecto
1317 4182 1419 4237 ML¹P

273 4268 305 4315 13
325 4264 420 4315 secuta
439 4263 494 4315 ΕΤ
583 4268 615 4315 14
635 4264 732 4331 ptexta
747 4262 783 4315 M.
806 4262 831 4315 G
850 4263 961 4332 (admisi
982 4263 1162 4331 dubitanter),
1185 4263 1361 4330 praetextam
1376 4263 1417 4327 M,

272 4342 554 4414 pretextaX(eodem
564 4359 647 4410 usque
656 4340 842 4410 palmataern.
856 4345 892 4410 Τ)
944 4348 977 4395 20
987 4342 1136 4410 magistros
1146 4343 1262 4409 Lipsius
1307 4347 1341 4394 24
1356 4358 1418 4395 con-

271 4422 396 4498 0101106
474 4421 516 4474 ita
535 4422 628 4475 omG
708 4427 742 4474 26
762 4423 935 4492 excogitauit
956 4423 1013 4488 Τς,
1042 4438 1076 4474 ex
1099 4438 1131 4476 eo
1155 4437 1253 4490 exeog·
1274 4438 1303 4488 ς,
1331 4437 1364 4475 ex
1386 4437 1417 4474 eo

273 4500 395 4573 agitauit
415 4501 530 4571 Bentley
615 4501 798 4554 inueniendos
818 4503 871 4554 ΧΗ
