3142 5112
263 370 306 433 86
611 367 638 422 C.
660 366 818 422 SVETONI
836 366 1061 431 TRANQVILLI

262 533 426 614 deesset,
460 531 673 595 destituere
706 552 744 594 ac
775 531 1049 614 praedamnare
1081 530 1244 596 amicum
1278 531 1409 594 existi-

262 642 443 724 maretur3
470 643 502 701 et
525 637 798 702 consentientibus
822 637 981 700 uniuersis
1005 637 1088 701 sedit
1111 638 1146 701 in
1169 637 1330 702 subselliis
1353 660 1410 721 per

262 745 387 828 aliquot
409 745 513 829 horas,
537 766 648 808 uerum
669 744 788 808 tacitus
807 747 839 807 et
858 767 898 807 ne
917 743 1101 808 laudatione
1120 743 1250 827 quidem
1270 743 1410 808 iudiciali

225 871 242 918 4
262 853 346 916 data.
379 851 472 916 affuit
491 855 523 916 et
542 851 722 936 clientibus,
742 851 825 914 sicut
843 849 990 915 Scutario
1011 851 1136 914 cuidam
1156 854 1291 915 euocato
1311 872 1409 934 quou-

261 960 335 1024 dam
355 981 422 1044 suc,
443 960 499 1043 qui
517 958 742 1042 postulabatur
755 957 952 1022 iniuriarum.
986 979 1084 1021 unum
1106 958 1236 1022 omnino
1252 979 1409 1021 ereorum
1435 984 1446 1024 s

260 1089 395 1131 numero
415 1088 451 1130 ac
469 1089 509 1130 ne
528 1088 600 1130 eum
622 1063 749 1148 quidem
769 1065 833 1128 nisi
850 1064 1000 1149 precibus
1015 1064 1143 1148 eripuit,
1158 1067 1288 1128 exorato
1304 1085 1410 1128 coram

261 1174 421 1238 iudicibus
450 1177 647 1256 accusatore,
677 1155 882 1255 Castricium,
912 1193 970 1256 per
998 1193 1095 1254 quem
1121 1171 1161 1235 de
1189 1171 1410 1236 coniuratione

260 1279 413 1344 Murenae
436 1283 640 1365 cognouerat.

207 1383 253 1450 57
352 1386 416 1451 Pro
440 1385 557 1469 quibua
580 1386 705 1449 meritis
730 1389 849 1468 quanto
879 1407 975 1469 opere
1000 1384 1136 1452 dilectus
1160 1385 1216 1468 sit,
1244 1384 1338 1450 facile
1363 1389 1411 1448 est

261 1495 438 1560 aestimare.
487 1495 602 1558 omitto
631 1497 761 1556 senatus
790 1492 949 1575 consulta,
973 1493 1049 1574 quia
1071 1496 1209 1576 possunt
1231 1492 1335 1555 uideri
1358 1492 1411 1556 uel
1424 1519 1447 1557 ιο

259 1600 451 1665 necessitate
474 1621 626 1684 expressa
648 1601 701 1664 uel
723 1599 923 1663 uerecundia.
965 1600 1091 1683 equites
1114 1599 1152 1663 R.
1175 1599 1317 1663 natalem
1340 1599 1410 1663 eius

261 1711 376 1791 sponte
398 1711 495 1790 atque
519 1728 675 1772 consensu
698 1706 797 1771 biduo
822 1728 948 1791 semper
971 1707 1180 1770 celebrarunt.
1227 1728 1337 1770 omnes
1362 1728 1411 1770 or·

261 1815 351 1879 dines
378 1816 412 1878 in
440 1816 546 1879 lacum
571 1812 662 1878 Curti
690 1815 862 1896 quotannis
886 1835 925 1877 ex
949 1818 1026 1877 uoto
1054 1835 1113 1897 pro
1137 1814 1240 1878 salute
1263 1813 1332 1877 eius
1356 1814 1411 1877 sti-

259 1944 333 2005 pem
357 1921 529 2004 iaciebant,
557 1922 634 1986 item
662 1920 733 1984 Kal.
757 1919 822 1984 lan.
852 1920 1043 2004 stren[u]am
1069 1921 1104 1983 in
1128 1918 1288 2004 Capitolio
1313 1920 1410 1984 etiam

260 2029 400 2113 absenti,
425 2051 466 2093 ex
489 2050 553 2111 qua
576 2051 700 2093 summa
723 2028 956 2112 pretiosissima
979 2027 1111 2091 deorum
1136 2028 1308 2092 simulacra
1329 2049 1447 2091 mer-15

260 2140 351 2200 catus
381 2136 514 2200 uicatim
545 2134 724 2216 dedicabat,
753 2138 790 2198 ut
819 2133 1005 2218 Apollinem
1037 2132 1272 2198 Sandaliarium
1302 2138 1334 2198 et
1362 2132 1411 2198 Io·

225 2256 239 2302 2
259 2265 333 2306 uem
357 2241 558 2326 Tragoedum
583 2242 717 2325 aliaque.
760 2242 794 2305 in
812 2241 1094 2324 restitutione<m>
1112 2240 1277 2304 Palatinae
1296 2241 1409 2306 domus

260 2349 407 2412 incendio
441 2348 628 2431 absumptae
661 2349 819 2431 ueterani,
852 2348 1011 2428 decuriae,
1046 2347 1150 2411 tribus
1182 2352 1279 2432 atque
1312 2349 1409 2412 etiam

260 2455 453 2540 singillatim
476 2478 493 2519 e
522 2459 626 2519 cetero
656 2477 771 2541 genere
798 2455 966 2519 hominum
995 2454 1131 2519 libentes
1160 2475 1197 2518 ac
1224 2477 1283 2538 pro
1312 2456 1409 2519 facul-

259 2566 326 2626 tate
350 2563 485 2645 quisque
508 2563 659 2647 pecunias
683 2562 896 2646 contulerunt,
920 2561 1082 2625 delibante
1105 2566 1231 2626 tantum
1250 2561 1347 2626 modo
1373 2585 1408 2626 eo
1423 2585 1448 2660 aq

260 2690 457 2732 summarum
490 2689 621 2733 aceruos
654 2691 757 2752 neque
790 2691 829 2732 ex
865 2690 1027 2752 quoquam
1060 2668 1133 2752 plus
1165 2668 1295 2733 denario
1324 2669 1409 2733 aufe·

259 2780 357 2839 rente.
395 2779 607 2840 reuertentem
633 2797 672 2839 ex
695 2777 862 2860 prouincia
885 2797 951 2839 non
974 2775 1079 2839 solum
1103 2775 1218 2839 faustis
1238 2775 1409 2858 ominibus,

260 2882 316 2945 sed
353 2886 385 2946 et
422 2882 596 2946 modulatis
633 2883 829 2947 carminibus
866 2882 1151 2967 prosequebantur.
1202 2882 1409 2946 obseruatum

259 2989 357 3052 etiam
386 2993 446 3070 est,
475 3013 514 3054 ne
543 2991 691 3072 quotiens
720 2991 868 3053 introiret
895 2989 1022 3073 urbem,
1051 2989 1245 3073 supplicium
1269 2989 1307 3053 de
1331 3011 1408 3072 quo—

206 3090 357 3180 bSquam
382 3101 568 3160 sumeretur.
608 3096 713 3160 Patris
737 3097 860 3180 patriae
880 3118 1060 3183 cognomen
1078 3096 1220 3161 uniuersi
1239 3097 1408 3180 repentino
1422 3117 1445 3157 a

260 3203 464 3286 maximoque
498 3225 653 3266 consensu
691 3204 874 3267 detulerunt
907 3203 948 3266 ei:
985 3205 1091 3287 prima
1122 3201 1214 3287 plebs
1245 3202 1408 3288 legatione

258 3309 394 3374 Antium
427 3310 538 3394 missa,
576 3310 662 3392 dein,
695 3310 769 3393 quia
801 3331 867 3374 non
904 3310 1092 3393 recipiebat,
1130 3310 1253 3373 ineunti
1286 3309 1407 3374 Romae

331 3509 364 3556 25
394 3504 486 3557 Victor
510 3504 671 3569 Caes.1,6
704 3505 785 3572 pater
811 3503 922 3571 patriae
950 3502 985 3556 ob
1014 3502 1193 3556 clementiam
1214 3545 1219 3554 .
1237 3546 1241 3556 .
1259 3547 1264 3556 .
1285 3502 1407 3556 habitus.

260 3585 337 3653 Epir.
358 3591 383 3648 1,
397 3589 436 3638 2&
454 3587 564 3652 patrem
583 3583 692 3652 patriae
712 3583 821 3636 dixerat
839 3589 957 3638 senates.

332 3778 345 3823 7
366 3771 496 3825 castricio
509 3771 534 3825 G
608 3775 641 3822 10
656 3770 734 3840 quia]
750 3786 822 3837 quae
837 3773 876 3824 ed.
889 3773 967 3826 Rom.
978 3772 1016 3823 ΙΙ
1032 3772 1095 3824 Vera.
1106 3773 1127 3823 Ι
1134 3771 1225 3841 (vulp.)
1301 3776 1332 3823 12
1344 3787 1406 3823 con—

259 3869 340 3906 cessu
359 3855 393 3917 a,
413 3854 443 3904 r'a
460 3854 486 3907 R
505 3867 550 3904 ces
569 3852 600 3904 ia
619 3868 673 3905 ras.
690 3850 795 3918 (m.1?)
813 3851 877 3916 sort,
898 3868 965 3904 corr.
982 3868 1014 3903 ea
1034 3867 1177 3918 consensu,
1197 3857 1228 3904 at
1246 3858 1283 3905 est
1302 3853 1332 3904 ia
1347 3851 1405 3904 edd.

258 3940 310 3986 aet.
327 3933 465 4000 (RouaH
475 3934 523 3998 al.)
574 3930 755 3984 celebrabant
766 3931 863 3984 Madd.
919 3937 951 3984 13
968 3929 1051 3983 curtii
1061 3935 1096 3997 X,
1114 3931 1239 3985 curtisG
1291 3937 1323 3984 14
1339 3933 1406 3984 stre-

259 4028 325 4064 nam
344 4011 427 4078 IPR,
447 4015 590 4064 strenuam
612 4013 643 4076 T,
662 4013 805 4064 strenuam
823 4013 869 4064 rel.
890 4013 1028 4079 (strenuas
1043 4014 1087 4080 P),
1106 4012 1140 4076 cf.
1159 4012 1265 4066 Ticer
1342 4027 1405 4064 con-

215 4143 231 4163 ,
259 4093 387 4146 ferebant
397 4099 460 4161 post
475 4091 614 4160 Capitolio
630 4093 693 4145 add.
709 4092 813 4156 Duker,
828 4090 984 4144 fundebant
996 4092 1092 4146 Medd.
1163 4097 1195 4144 16
1216 4091 1406 4145 sandaliarum

261 4172 337 4226 M¹G
408 4179 438 4226 17
458 4173 665 4226 restitutionem
680 4173 756 4236 HR,
775 4188 823 4224 -ne
840 4173 886 4225 ret.
902 4174 949 4239 (a)
1024 4177 1056 4223 18
1076 4170 1212 4240 abruptae
1227 4175 1256 4224 X
1326 4175 1358 4224 19
1378 4186 1405 4222 e-

259 4255 351 4306 cetere
368 4255 410 4317 M,
431 4257 524 4324 cetera
544 4257 577 4320 (et
596 4261 653 4306 tum
672 4255 785 4321 genera)
803 4252 828 4305 G
900 4252 1021 4305 libenter
1037 4251 1062 4305 G
1135 4257 1169 4304 20
1189 4251 1409 4305 conferebantlt'

260 4340 292 4385 21
309 4334 444 4386 acerqu
518 4333 675 4387 autferente
684 4335 727 4397 M,
742 4335 791 4384 aut
806 4331 989 4398 frequenteV
1058 4338 1090 4383 22
1109 4331 1249 4385 ominibus
1266 4332 1301 4398 G,
1319 4329 1406 4384 omni·

259 4413 311 4466 bus
330 4415 376 4467 ret.
392 4419 416 4466 et
432 4414 464 4465 N
480 4417 538 4481 (per
552 4413 739 4481 compendium
754 4414 886 4481 plerique,
905 4414 935 4464 ia
951 4414 978 4466 P
993 4429 1026 4466 as.
1041 4429 1075 4466 m.
1090 4415 1133 4481 2),
1151 4412 1312 4466 nominibus
1329 4414 1404 4465 Torr.

259 4499 293 4546 25
312 4493 443 4546 uniuerso
464 4493 524 4562 ΜΟ
597 4499 629 4545 26
649 4492 739 4561 primo
759 4500 783 4547 et
801 4498 859 4546 tum
876 4508 926 4560 per
945 4493 1054 4546 antium
1075 4493 1100 4547 G
