3108 5102
257 337 323 401 314
604 336 632 391 G.
652 337 809 392 SVETONI
827 335 1051 401 TRANQVILLI

256 499 392 584 ideoque
429 521 470 565 ne
502 501 641 584 experiri
676 501 807 583 quidem
838 500 983 584 auderet,
1021 503 1165 564 extremo
1197 499 1409 564 hortantibus

257 606 367 670 amicis
390 607 496 690 palam
520 629 579 690 pro
610 607 761 671 contione
783 610 957 690 utrumque
981 608 1165 690 temptauit,
1188 628 1247 671 nec
1270 611 1411 671 euentus

257 712 366 777 defuit.
415 734 473 797 per
496 713 580 777 idem
603 718 731 796 tempus
755 711 879 798 Tegeae
901 713 936 776 in
959 711 1150 800 Arc[h]adia
1172 714 1331 778 instinctu
1356 737 1412 777 ua-

256 819 460 883 ticinantium
488 819 602 883 effossa
629 823 705 883 sunt
732 823 857 884 sacrato
884 819 957 886 loco
980 843 1058 884 uasa
1082 822 1188 905 operis
1212 821 1340 904 antiqui
1365 825 1411 883 at·

257 947 318 1008 que
341 927 376 990 in
397 925 437 990 iis
460 926 610 990 assimilis
634 924 833 1010 Vespasiano
857 927 975 1012 imago.

212 1039 233 1105 8
346 1041 433 1104 Talis
455 1045 609 1126 tantaque
632 1063 706 1107 cum
728 1043 815 1106 fama
838 1043 873 1106 in
895 1042 1009 1107 urbem
1033 1065 1181 1108 reuersus
1205 1047 1277 1108 acto
1297 1042 1338 1106 de
1357 1041 1412 1106 Iu-

257 1147 343 1212 daeis
377 1148 541 1233 triumpho
573 1150 760 1213 consulatus
791 1151 865 1213 octo
895 1148 999 1213 ueteri
1030 1149 1167 1233 addidit3
1202 1151 1345 1234 suscepit
1378 1153 1412 1212 et

257 1274 421 1318 censuram
446 1277 482 1321 ac
505 1277 563 1340 per
585 1259 691 1320 totum
715 1255 831 1339 inperii
853 1260 982 1338 tempus
1004 1255 1088 1321 nihil
1106 1255 1222 1320 habuit
1241 1257 1411 1340 antiquius
1539 1227 1541 1378 l

257 1380 353 1441 quam
383 1383 483 1446 prope
508 1363 661 1430 afflictam
693 1366 925 1444 nutantemque
955 1385 1024 1426 rem
1056 1386 1085 1446 p.
1116 1362 1262 1426 stabilire
1292 1363 1411 1447 primo,

257 1466 369 1531 deinde
397 1473 429 1532 et
453 1492 573 1536 ornare.
1427 1493 1450 1532 ιο
1541 1490 1542 1572 q

222 1600 237 1646 a
346 1583 465 1649 Milites
496 1610 572 1671 pars
605 1587 759 1651 uictoriae
790 1585 921 1667 fidncia,
958 1607 1033 1668 pars
1068 1584 1265 1670 ignominiae
1298 1586 1411 1650 dolore

257 1689 297 1754 ad
343 1711 470 1757 omnem
514 1695 678 1758 licentiam
724 1691 952 1775 audaciamque
998 1695 1233 1775 processerant3
1281 1693 1336 1756 sed
1378 1696 1411 1755 et

257 1800 441 1879 prouinciae
470 1802 680 1885 ciuitatesque
707 1799 842 1881 liberae,
872 1819 932 1862 nec
959 1820 1026 1862 non
1059 1803 1090 1862 et
1123 1819 1223 1884 regna
1253 1799 1410 1882 quaedam

257 1908 488 1973 tumultuosius
526 1911 609 1974 inter
643 1929 676 1972 se
709 1907 854 1992 agebant.
924 1927 1022 1988 quare
1055 1905 1307 1970 Vitellianorum
1343 1907 1411 1989 qui-

259 2012 330 2078 dem
362 2022 394 2080 et
424 2016 645 2082 exauctorauit
675 2014 831 2098 plurimos
863 2016 895 2076 et
925 2013 1080 2096 coercuit,
1109 2012 1324 2097 participibus
1357 2035 1408 2076 au·
1423 2035 1446 2075 15
1543 2063 1544 2074 ,

258 2124 324 2184 tem
355 2125 509 2190 uictoriae
539 2125 616 2189 adeo
651 2121 734 2186 nihil
770 2123 861 2183 extra
889 2119 1035 2182 ordinem
1064 2119 1212 2202 indulsit,
1245 2124 1283 2182 ut
1313 2120 1409 2183 etiam

224 2229 404 2314 elegitima
441 2233 583 2316 praemia
620 2251 689 2294 sero
722 2225 924 2311 persoluerit
994 2248 1031 2290 ac
1067 2248 1107 2290 ne
1139 2249 1237 2310 quam
1270 2227 1410 2290 occasio-

257 2357 331 2400 nem
363 2339 543 2426 corrigendi
578 2336 781 2420 disciplinam
812 2334 1097 2416 praetermitteret,
1134 2333 1410 2397 adulescentulum

258 2444 455 2529 fragrantem
487 2448 665 2531 unguento,
696 2464 768 2506 oum
806 2440 867 2503 sibi
904 2461 963 2523 pro
1001 2441 1174 2523 impetrata
1210 2441 1410 2523 praefectura

259 2553 378 2636 gratias
411 2559 533 2640 ageret,
562 2557 643 2615 nutu
673 2551 873 2632 aspernatus,
903 2568 984 2609 uoce
1011 2547 1107 2609 etiam
1139 2547 1330 2632 grauissima
1365 2548 1410 2610 in-
1424 2572 1449 2610 so
1545 2538 1546 2586 l

260 2661 396 2742 crepuit:
440 2659 661 2724 maluissem
697 2655 814 2718 alium
856 2653 1092 2736 oboluisses,
1138 2653 1327 2736 litterasque
1363 2676 1411 2717 re-

258 2769 396 2831 uocauit.
452 2767 632 2832 classiarios
669 2783 759 2844 uero,
798 2760 852 2844 qui
890 2760 931 2822 ab
969 2758 1059 2823 Ostia
1100 2763 1132 2823 et
1163 2759 1308 2824 Puteolis
1348 2760 1411 2825 Ro-

258 2896 343 2936 mam
367 2875 502 2958 pedibus
525 2871 693 2957 pernices
717 2870 912 2949 commeant,
936 2870 1081 2950 petentes
1108 2867 1262 2931 constitui
1286 2867 1410 2949 aliquid

259 2979 321 3044 sibi
359 2982 499 3044 calciarii
538 2979 684 3060 nomine,
731 2974 822 3058 quasi
869 2995 982 3057 parum
1021 2977 1104 3037 esset
1146 2974 1214 3037 sine
1256 2995 1410 3057 responso

259 3088 413 3174 abegisse,
443 3089 537 3152 iussit
567 3085 703 3169 posthac
737 3081 927 3145 excalciatos
963 3081 1131 3164 cursitare3
1164 3085 1195 3144 et
1226 3102 1264 3144 ex
1296 3101 1333 3144 eo
1365 3081 1410 3144 ita
1424 3106 1447 3144 aa

259 3196 425 3260 cursitant.

331 3402 346 3448 6
366 3399 483 3464 Eutrop.
501 3397 561 3451 VII
571 3399 643 3460 20,1
663 3393 709 3445 hic
724 3408 787 3444 eum
801 3390 859 3443 filio
869 3389 933 3443 Tito
948 3390 984 3442 de
993 3389 1198 3457 Hierusolymia
1212 3388 1409 3457 triumphauit.

261 3477 336 3530 Oros.
357 3477 419 3531 VII
433 3481 491 3542 9,8
509 3474 700 3543 Vespasianus
725 3473 754 3525 et
777 3471 857 3524 Titus
880 3471 1065 3539 imperatores
1088 3469 1270 3538 magnificum
1293 3471 1410 3539 agentes

259 3556 293 3610 de
321 3556 432 3610 Iudaeis
460 3555 636 3624 triumphum
663 3553 761 3606 urbem
791 3551 911 3620 ingressi
939 3553 1005 3603 sunt
1032 3551 1076 3619 (cf.
1101 3551 1153 3604 Tit.
1174 3553 1191 3603 6
1209 3551 1292 3604 Doro.
1311 3553 1348 3618 2).

259 3641 274 3688 8
300 3637 439 3690 Elabard.
453 3640 490 3689 27
509 3651 600 3703 neque
619 3634 667 3686 ille
686 3635 748 3686 toto
766 3631 847 3699 regni
866 3631 909 3683 sui
928 3632 1055 3698 tempore
1074 3629 1226 3699 quicquam
1241 3629 1322 3706 duxit
1337 3630 1409 3683 anti·

259 3716 354 3783 quius,
378 3733 464 3782 quam
486 3719 519 3770 ut
537 3716 603 3769 urbs
623 3715 714 3767 Roma
796 3714 892 3765 uetere
910 3710 1031 3780 polleret
1054 3709 1224 3764 auctoritate
1243 3710 1272 3762 et
1290 3709 1410 3764 ecclesia

260 3839 265 3850 .
287 3839 292 3850 .
314 3839 320 3850 .
349 3799 423 3849 esset
450 3798 559 3849 ornata.
676 3799 691 3846 9
720 3796 755 3860 cf.
782 3794 872 3846 Victor
896 3793 970 3847 Gaea.
996 3796 1052 3857 9‚1
1083 3791 1131 3859 (od
1153 3793 1313 3859 p.306,1)

260 3885 291 3930 11
304 3895 364 3945 sqq.
383 3879 503 3944 Eutrop.
520 3877 581 3929 VII
591 3880 667 3941 20,1
688 3877 725 3942 (a.
746 3873 784 3926 ad
803 3874 924 3940 310,11)

332 4090 482 4157 lquidam
497 4091 534 4142 M
537 4090 545 4119 ¹
627 4087 771 4142 orantibus
792 4089 827 4140 H
910 4084 1051 4138 2amicis
1071 4101 1121 4139 om.
1140 4085 1166 4138 G
1250 4099 1302 4136 nec
1322 4083 1414 4138 defuit

259 4172 375 4224 euentus
391 4172 424 4224 H
494 4169 573 4222 chia
593 4169 658 4238 (hiis
673 4171 710 4236 L)
729 4168 805 4221 codd.
821 4173 932 4235 praete
948 4166 975 4221 R
1049 4167 1232 4218 9nutantem
1246 4179 1305 4218 rem
1318 4163 1412 4233 publi·

259 4267 321 4304 cam
339 4251 365 4304 G
435 4257 467 4302 10
482 4250 584 4304 deinde
599 4266 731 4303 exornare
747 4249 791 4306 Ιις
861 4252 893 4300 17
908 4245 1121 4314 persolueretG
1190 4250 1223 4298 19
1238 4243 1413 4314 fragrantem

263 4332 314 4397 Τς,
342 4330 429 4399 fragl-
453 4329 648 4400 HGLHQN2,
672 4329 761 4398 flagr-
786 4326 941 4381 MRPSN¹
1029 4330 1114 4395 ptura
1139 4325 1165 4379 G
1256 4330 1287 4377 21
1313 4323 1414 4377 allium

261 4411 313 4480 ΩΒ
400 4415 433 4462 23
452 4427 502 4479 per
521 4411 634 4469 nicosa
721 4406 916 4462 commeabant
935 4406 1036 4461 POST
1115 4411 1149 4458 25
1167 4408 1233 4475 post
1250 4405 1343 4475 h(a)ec
1361 4407 1414 4458 ΧΤ

257 4482 355 4560 (culp.)
429 4490 598 4545 excalciatos
620 4490 653 4554 G,
673 4488 854 4541 discalciatos
876 4488 901 4540 Τ
