3136 5100
254 355 320 426 238
589 355 617 410 C.
639 357 795 411 SVETONI
815 356 1038 422 TRANQVILLI

219 534 235 582 3
343 517 491 582 Instituit
510 524 542 582 et
557 520 794 602 quinquennale
810 525 969 586 certamen
984 521 1108 604 primus
1123 519 1268 584 omnium
1283 519 1411 583 Romae

254 648 343 689 more
368 624 488 690 Graeco
513 626 640 710 triplex,
663 627 823 692 musicum
847 627 1033 711 gymnicum
1058 632 1218 709 equestre,
1243 627 1330 710 quod
1356 649 1410 708 ap-

255 733 389 817 pellauit
411 733 567 817 Neronia,
597 732 817 816 dedicatisque
844 727 979 797 thermis
1003 738 1100 816 atque
1123 733 1292 817 gymnasio
1317 754 1410 796 sena-

254 840 304 903 tui
319 862 447 923 quoque
463 844 494 903 et
513 839 614 922 equiti
635 841 741 902 oleum
760 840 917 924 praebuit.
955 841 1128 924 magistros
1147 844 1217 904 toto
1237 838 1409 902 certamini

254 946 441 1031 praeposuit
460 946 644 1009 consulares
664 949 759 1029 sorte,
785 947 858 1010 sede
877 951 1071 1030 praetorum.
1110 947 1223 1010 deinde
1243 947 1275 1010 in
1296 945 1411 1010 orche-
1436 969 1448 1011 ι

258 1058 357 1116 stram
382 1058 592 1136 senatumque
616 1052 779 1118 deseendit
803 1057 834 1116 et
858 1054 1012 1118 orationis
1037 1054 1166 1136 quidem
1190 1053 1411 1135 carminisque

257 1161 365 1224 Latini
395 1181 561 1243 coronam,
591 1159 629 1222 de
658 1181 721 1241 qua
748 1159 996 1224 honestissimus
1025 1160 1162 1242 quisque
1188 1160 1412 1241 contenderat,

256 1267 401 1351 ipsorum
431 1288 588 1330 consensu
618 1287 801 1330 concessam
830 1267 892 1330 sibi
920 1267 1056 1349 recepit,
1085 1267 1226 1330 citharae
1255 1271 1365 1330 autem
1393 1287 1413 1327 a

256 1373 416 1438 iudicibus
440 1374 480 1436 ad
504 1397 538 1436 se
561 1374 700 1437 delatam
719 1373 867 1436 adorauit
885 1374 1026 1457 ferrique
1045 1375 1085 1437 ad
1104 1371 1245 1458 Augusti
1265 1378 1411 1436 statuam

218 1482 359 1544 siussit.
411 1481 576 1564 gymnico,
612 1481 698 1563 quod
731 1481 764 1543 in
798 1478 925 1564 Saeptis
960 1481 1087 1563 edebat,
1119 1481 1203 1543 inter
1234 1480 1410 1563 buthysiae
1425 1503 1448 1542 ro

255 1590 444 1670 apparatum
476 1587 609 1650 barbam
639 1588 779 1671 primam
813 1589 922 1669 posuit
953 1587 1180 1670 conditamque
1212 1588 1246 1650 in
1276 1608 1411 1650 auream

254 1693 406 1778 pyxidem
426 1698 457 1757 et
476 1693 721 1777 pretiosissimis
741 1694 924 1778 margaritis
944 1693 1132 1759 adornatam
1151 1692 1312 1776 Capitolio
1334 1715 1411 1757 oon-

207 1815 210 1820 ’
245 1793 420 1866 6661111111.Ι
447 1801 487 1864 ad
522 1799 714 1864 athletarum
749 1800 965 1883 spectaculum
1003 1801 1157 1864 inuitauit
1193 1805 1227 1864 et
1262 1800 1411 1885 uirgines

255 1909 409 1991 Vestales,
433 1907 508 1990 quia
533 1904 702 1990 Olympiae
726 1928 854 1989 quoque
875 1905 998 1970 Cereris
1019 1907 1238 1972 sacerdotibus
1259 1911 1410 1990 spectare

255 2015 448 2081 conceditur.
1423 2035 1444 2074 15

203 2117 247 2182 13
344 2121 420 2186 Non
439 2121 599 2186 immerito
620 2122 703 2183 inter
724 2120 904 2203 spectacula
923 2117 962 2182 ab
986 2143 1023 2184 6ο
1043 2119 1129 2184 edita
1148 2124 1180 2183 et
1198 2120 1355 2183 Tiridatis
1376 2122 1409 2182 in

254 2231 367 2294 urbem
386 2229 556 2292 introitum
574 2227 805 2310 ret<t>ulerim
844 2249 938 2309 quem
957 2226 1129 2290 Armeniae
1148 2248 1257 2312 regem
1276 2227 1408 2312 magnis

254 2334 543 2421 pollicitationibus
566 2333 790 2417 sollicitatum,
818 2355 890 2396 cum
915 2333 1074 2396 destinato
1104 2356 1162 2416 per
1188 2332 1328 2397 edictum
1357 2332 1408 2395 die

254 2447 442 2506 ostensurus
466 2439 586 2524 populo
610 2446 742 2523 propter
769 2440 915 2503 nubilum
941 2441 1132 2522 distulisset,
1160 2440 1316 2523 produxit
1342 2460 1407 2522 quo

255 2548 504 2633 oportunissime
527 2547 647 2630 potuit,
676 2547 841 2630 dispositis
870 2547 954 2610 circa
977 2546 1040 2611 fori
1059 2548 1179 2629 templa
1202 2546 1334 2610 armatis
1356 2567 1406 2610 co·
1422 2567 1445 2606 eo

254 2655 417 2736 hortibus,
450 2653 553 2716 curuli
584 2653 727 2716 residens
766 2653 851 2736 apud
882 2653 998 2716 rostra
1024 2651 1253 2736 triumphantis
1289 2652 1407 2716 habitu

219 2763 338 2825 sinter
366 2761 459 2846 signa
490 2761 642 2834 militaria
660 2764 766 2842 'atque
795 2762 921 2825 uexilla.
969 2765 1000 2824 et
1027 2762 1133 2844 primo
1161 2782 1219 2843 per
1247 2760 1406 2823 deuexum

166 2880 168 2883 ’
253 2868 416 2953 pulpitum
446 2867 636 2931 subeuntem
666 2867 796 2930 admisit
824 2868 864 2932 ad
891 2889 995 2953 genua
1019 2867 1266 2949 adleuatumque
1290 2866 1407 2930 dextra

154 2991 156 2994 “
254 2974 458 3039 exosculatus
490 2977 553 3056 est,
583 2975 657 3036 dein
686 2975 831 3058 precanti
858 2974 1002 3058 tiara[m]
1032 2973 1229 3059 deducta[m]
1257 2974 1406 3037 diadema

253 3083 409 3165 inposuit,
441 3081 540 3145 uerba
572 3082 726 3165 supplicis
759 3081 969 3164 interpretata
1000 3083 1160 3164 praetorio
1189 3082 1257 3144 uiro
1287 3080 1397 3144 multi·
1417 3097 1441 3140 11

252 3190 358 3254 tudini
385 3189 629 3273 pronuntiante,
656 3188 847 3271 perductum
876 3189 950 3251 inde
978 3189 1011 3251 in
1039 3188 1200 3251 theatrum
1230 3209 1267 3252 ac
1294 3207 1404 3251 rursus

253 3297 487 3380 supplicantem
514 3297 604 3359 iuxta
628 3316 661 3358 se
685 3294 783 3358 latere
808 3295 920 3358 dextro
946 3295 1136 3360 conlocauit,
1179 3295 1219 3387 ob
1239 3316 1320 3376 quae
1345 3280 1404 3358 im'·

325 3541 393 3606 ses.
410 3542 529 3609 Eutrop.
546 3542 607 3593 VH
619 3546 690 3607 1032
709 3541 871 3594 aedificauit
889 3541 995 3595 Romae
1012 3542 1148 3608 thermas,
1172 3501 1244 3609 quae
1264 3541 1328 3594 ante
1347 3539 1402 3592 Ne-

251 3621 385 3673 ronianae
401 3621 493 3673 dictae
509 3638 583 3673 nune
593 3621 818 3674 Alexandrianae
829 3620 1010 3690 appellantur
1024 3623 1148 3690 (Lampe.
1156 3623 1234 3676 Alex.
1245 3621 1302 3677 See.
1313 3625 1359 3686 25,
1367 3623 1401 3688 3).

253 3701 331 3768 Epit.
347 3705 400 3766 5‚3
418 3701 533 3753 lauacra
553 3700 715 3754 construxit.

324 3906 525 3977 3neroniatG
585 3925 675 3976 41616
685 3927 721 3988 a,
735 3924 789 3976 toti
804 3941 820 3982 ς
835 3926 939 3994 (culp),
959 3942 996 3976 66
1011 3927 1071 3978 1616
1087 3923 1259 3978 certamine?
1314 3929 1401 3976 bsor·

252 4006 294 4056 tes
313 4005 479 4072 edeptorum
499 4006 583 4071 (sorte
601 4020 644 4056 re·
661 4004 692 4072 Q)
707 4007 736 4068 Τ,
762 4006 836 4058 sorte
855 4003 1021 4057 selectorum
1040 4025 1067 4070 ρ,
1093 4007 1166 4056 sorte
1186 4005 1285 4057 ductos
1305 4003 1353 4056 sed
1372 4003 1400 4056 et

251 4084 407 4152 praetorios
422 4084 538 4152 Bentley
552 4084 610 4152 (sed
631 4086 658 4136 et
672 4084 826 4152 praetorios
837 4086 999 4152 praeeperat
1012 4085 1178 4152 Stephanum
1199 4101 1221 4138 c.
1237 4087 1309 4150 octo,
1324 4084 1400 4136 sede-

252 4165 306 4217 cim
325 4163 480 4232 praetorios
501 4164 678 4233 Cornelissen)
742 4165 959 4232 ScytharamS
1019 4170 1050 4216 11
1071 4164 1192 4233 primum
1208 4164 1255 4218 M¹
1317 4178 1400 4216 aurea

252 4244 347 4312 pixide
367 4244 400 4296 H
489 4250 521 4296 12
542 4246 571 4297 et
590 4245 640 4298 del.
655 4246 771 4314 Bentley
861 4244 1014 4312 capitolino
1030 4245 1084 4298 LP
1102 4245 1172 4314 (Ioui
1191 4243 1256 4314 (lap.
1276 4245 1400 4312 Ousaub.)

253 4330 286 4376 14
306 4322 437 4390 Olympia
455 4323 571 4378 Gasaub.
646 4329 677 4377 19
699 4323 846 4378 detulisset
865 4324 1014 4393 eproduxit
1029 4325 1066 4377 M
1084 4325 1128 4392 (de
1147 4341 1214 4380 corr.
1234 4327 1264 4378 in
1284 4325 1327 4377 dis
1344 4322 1399 4390 Μ’)

252 4410 285 4456 23
306 4403 420 4455 dextera
437 4404 463 4458 G
536 4410 569 4456 24
590 4404 690 4457 deinde
709 4407 748 4458 Τδ
812 4403 885 4458 tiara
905 4405 1026 4458 deducta
1046 4422 1062 4463 ς
1082 4405 1266 4475 (Beroaldus),
1282 4404 1398 4457 diariam

252 4484 401 4538 deductam
417 4485 442 4534 a
529 4489 562 4535 25
579 4485 607 4536 et
626 4491 688 4537 arete
703 4485 843 4552 praetorio
859 4485 922 4538 add.
942 4486 967 4538 G
