3136 5100
255 331 319 394 218
607 330 635 385 C.
655 330 1051 396 81ΈΤΟΝΙΤΗΑΝ111ἨᾸᾸ

253 496 388 558 nomina
406 494 482 558 dum
497 498 587 558 taxat
600 493 774 579 gentilicia.
801 493 965 557 ciuitatem
981 493 1017 557 lt.
1034 498 1225 578 usurpantes
1241 495 1275 557 in
1290 516 1400 577 campo

253 601 426 684 Esquilino
456 599 560 664 securi
588 599 755 684 percussit.
799 599 984 683 prouincias
1012 599 1167 664 Achaiam
1198 605 1230 664 et
1257 601 1400 666 Macedo-

254 708 355 791 niam,
388 729 468 791 quas
500 706 649 770 Tiberius
682 706 722 770 ad
755 728 863 770 curam
897 729 986 770 auam
1019 707 1244 790 transtulerat,
1277 708 1402 772 senatui

254 815 400 878 reddidit.
442 813 551 897 Lyciis
575 813 615 877 ob
640 813 820 877 exitiabiles
848 813 934 877 inter
956 835 991 876 se
1019 812 1195 878 discordias
1218 813 1402 878 libertatem

253 922 381 1005 ademit,
405 920 542 984 Rhodiis
567 919 609 984 ob
627 919 858 1003 paenitentiam
878 923 1023 984 ueterum
1044 920 1234 984 delictorum
1254 920 1401 985 reddidit.
1431 947 1443 986 s

212 1025 215 1032 ’
252 1026 425 1092 Iliensibus
454 1026 547 1111 quasi
575 1025 739 1090 Romanae
766 1026 873 1112 gentis
902 1027 1089 1090 auctoribus
1118 1027 1242 1090 tributa
1271 1026 1304 1090 in
1332 1049 1403 1110 per-

252 1139 386 1219 petuum
410 1133 535 1198 remisit
558 1133 692 1196 recitata
712 1136 822 1196 uetere
846 1132 985 1216 epistula
1004 1131 1277 1220 Graecaffsenatus
1300 1156 1403 1217 popu·

251 1241 341 1324 lique
368 1239 406 1304 R.
435 1239 569 1306 Seleuco
601 1239 671 1325 regi
704 1239 877 1302 amicitiam
910 1243 943 1303 et
975 1239 1161 1303 societatem
1193 1239 1240 1302 ita
1272 1240 1401 1303 demum

251 1347 444 1431 pollicentis,
469 1347 496 1410 si
519 1346 776 1431 consanguineos
800 1367 876 1410 suos
900 1344 1032 1410 ilienses
1056 1346 1096 1409 ab
1121 1346 1208 1410 omni
1228 1369 1324 1410 onere
1343 1347 1402 1410 im·

216 1470 365 1517 cmnnes
393 1453 615 1537 praestitisset.
662 1451 797 1517 Iudaeos
824 1452 1001 1536 impulsore
1030 1451 1165 1516 Chresto
1196 1454 1322 1517 assidue
1351 1457 1445 1519 tu-1o

252 1561 444 1623 multuantis
468 1559 571 1624 Roma
600 1559 731 1643 expulit.
775 1557 1006 1624 Germanorum
1036 1560 1153 1644 legatis
1180 1560 1213 1623 in
1238 1560 1403 1624 orchestra

253 1669 361 1731 sedere
380 1667 537 1750 permisit,
561 1666 768 1750 simplicitate
787 1688 899 1730 eorum
918 1670 950 1730 et
969 1665 1086 1729 fiducia
1105 1669 1295 1752 commotus,
1314 1667 1403 1750 quod

253 1776 288 1838 in
316 1773 485 1858 popularia
513 1774 653 1856 deducti,
683 1795 755 1836 cum
784 1773 1087 1837 animaduertissent
1115 1772 1254 1836 Parthos
1282 1777 1314 1836 et
1341 1772 1401 1838 Ar·

252 1882 377 1945 menies
402 1880 541 1944 sedentis
565 1882 599 1943 in
623 1883 744 1961 senatu,
768 1881 808 1943 ad
831 1879 941 1943 eadem
964 1879 1035 1943 loca
1059 1884 1173 1962 sponte
1196 1881 1401 1964 transierant,

253 1988 355 2052 nihilo
371 1988 561 2052 deteriorem
577 1987 730 2050 uirtutem
747 1991 802 2049 aut
822 1987 1041 2050 condicionem
1062 2008 1152 2049 suam
1171 1987 1401 2069 praedicantes.
1416 2011 1443 2051 rs
1554 2069 1555 2080 ἵ

218 2109 233 2154 5
252 2095 450 2160 Druidarum
473 2094 663 2178 religionem
687 2093 772 2176 apud
796 2091 904 2156 Gallos
932 2093 1019 2156 dirae
1042 2093 1253 2156 immanitatis
1278 2097 1309 2157 et
1333 2098 1401 2158 tan-

252 2207 320 2264 tum
344 2202 469 2266 ciuibus
489 2201 548 2264 sub
568 2199 719 2284 Augusto
737 2201 940 2263 interdictam
959 2199 1087 2282 penitus
1107 2199 1265 2285 aboleuit3
1290 2204 1401 2265 contra

251 2330 340 2371 sacra
367 2307 534 2371 Eleusinia
563 2307 659 2370 etiam
688 2306 862 2370 transferre
892 2328 930 2370 ex
960 2307 1070 2370 Attica
1098 2306 1235 2371 Romam
1266 2311 1400 2371 conatus

250 2419 308 2498 est,
336 2414 556 2497 templumque
585 2415 620 2476 in
648 2411 757 2476 Sicilia
780 2413 916 2477 Veneris
946 2413 1106 2496 Erycinae
1136 2417 1298 2476 uetustate
1329 2434 1400 2476 con-

250 2521 377 2604 lapsum
405 2525 441 2583 ut
470 2542 507 2583 ex
538 2521 659 2584 aerario
687 2535 761 2603 p'op.
786 2519 823 2583 It.
847 2520 1044 2604 reficeretur,
1073 2523 1185 2584 auctor
1212 2519 1284 2583 fuit.
1328 2541 1399 2583 cum
1415 2544 1441 2582 ιο

250 2626 381 2710 regibus
405 2626 518 2690 foedus
543 2627 576 2689 in
599 2627 671 2690 foro
696 2626 801 2710 i[e]cit
823 2648 922 2710 porca
945 2648 1036 2690 caesa
1059 2648 1095 2690 ac
1114 2630 1221 2690 uetere
1240 2626 1397 2690 fetialium

250 2733 448 2816 praefatione
480 2733 632 2796 adhibita.
676 2734 731 2797 sed
764 2739 795 2797 et
823 2733 901 2797 haec
932 2737 963 2796 et
991 2737 1095 2797 cetera
1123 2737 1293 2816 totumque
1321 2734 1399 2797 adeo

251 2861 290 2903 ex
323 2844 413 2923 parte
446 2862 563 2924 magna
595 2841 812 2923 principatum
845 2862 910 2903 non
942 2845 1008 2903 tam
1040 2861 1100 2903 sno
1132 2862 1228 2923 qnam
1261 2861 1397 2904 uxorum

251 2946 507 3030 libertorumque
530 2946 664 3009 arbitrio
689 2946 936 3029 administrauit,
959 2947 1034 3010 talis
1058 2946 1178 3029 ubique
1200 2948 1398 3031 plerumque,

251 3054 378 3137 qualem
404 3074 472 3116 esse
494 3074 567 3116 eum
592 3056 648 3114 aut
671 3054 833 3136 expediret
858 3053 923 3115 illis
947 3057 1002 3116 aut
1025 3053 1148 3118 liberet.
1412 3075 1438 3114 as

323 3208 356 3254 10
378 3203 491 3257 Orosius
509 3202 571 3255 VH
582 3207 653 3267 6,15
677 3218 750 3254 anno
775 3201 899 3254 eiusdem
925 3218 999 3255 nono
1023 3201 1152 3269 expulsos
1176 3219 1227 3271 per
1250 3202 1396 3256 Claudium

249 3283 318 3336 urbe
342 3283 459 3335 Iudaeos
483 3282 618 3350 losephus
646 3282 737 3334 refert.
773 3281 822 3334 sed
847 3297 891 3334 me
919 3282 1009 3349 magis
1037 3281 1186 3334 Suetonius
1212 3286 1321 3348 mouet,
1350 3282 1396 3349 qui

250 3362 291 3415 ait
310 3364 362 3416 hoc
381 3363 477 3415 modo:
499 3361 644 3414 ‘Claudius
663 3362 781 3414 ludaeos
801 3361 943 3430 inpulsore
959 3361 1068 3414 Christo
1088 3362 1206 3415 adsidue
1225 3363 1396 3415 tumultuan-

250 3445 293 3494 tes
309 3443 397 3494 Roma
418 3442 545 3509 expulit'.
579 3442 654 3510 quod
674 3445 767 3494 utrum
788 3443 884 3495 contra
904 3441 1044 3494 Christum
1060 3441 1265 3495 tumultuantes
1280 3442 1395 3496 Iudaeos

251 3521 372 3575 coerceri
392 3525 420 3573 et
435 3522 571 3590 conprimi
587 3521 708 3588 iusserit,
728 3538 765 3573 an
779 3521 865 3574 etiam
881 3521 1053 3576 Christianos
1069 3522 1151 3574 simul
1166 3521 1245 3575 uelut
1261 3524 1396 3592 cognatae

250 3600 395 3670 religionis
414 3601 540 3654 homines
559 3602 681 3655 uoluerit
700 3601 811 3669 expelli,
830 3617 1008 3668 nequaquam
1028 3601 1201 3655 discernitur.
1260 3608 1292 3654 16
1309 3603 1397 3656 Victor

252 3682 326 3734 Caes
343 3686 396 3745 12
420 3681 541 3749 denique
567 3682 648 3735 bonis
673 3682 834 3734 auctoribus
859 3697 1017 3749 compressa
1040 3700 1090 3751 per
1114 3699 1176 3735 eum
1201 3681 1273 3735 uitia
1297 3699 1330 3735 ac
1348 3698 1397 3750 per

252 3761 376 3814 Galliam
395 3761 563 3814 Druidarum
584 3762 780 3830 (drysadarum
798 3769 823 3814 et
842 3762 1028 3828 drysudarum
1047 3764 1132 3824 codd.)
1156 3761 1282 3815 famosae
1303 3778 1395 3831 super-

252 3842 387 3895 stitiones.
481 3847 514 3893 23
533 3845 638 3896 Aeson.
654 3847 754 3906 265,3
777 3841 912 3894 libertina
935 3845 1030 3894 tamen
1053 3846 1204 3910 nuptarum
1229 3845 1257 3895 et
1281 3841 1395 3895 crimina

250 3938 349 3990 passus
368 3938 425 3974 non
443 3920 573 3974 faciendo
592 3938 703 3985 nocens,
724 3923 773 3974 sed
792 3921 925 3990 patiendo
946 3921 1008 3975 fuit.

322 4056 495 4123 tesquilino
513 4056 597 4124 GQT,
617 4055 676 4109 -nio
695 4057 741 4109 rel.
805 4055 946 4125 3curam]
966 4056 1121 4109 usuramG
1184 4055 1352 4128 lgrecieG

251 4135 426 4205 populusque
443 4137 534 4189 MGR
589 4143 604 4188 9
624 4136 789 4204 pollicentes
806 4135 902 4190 Gll²R
963 4140 994 4187 10
1009 4135 1117 4188 Christo
1132 4153 1192 4188 caru
1210 4136 1306 4190 Oroete
1320 4135 1395 4188 11111111

253 4222 284 4267 16
305 4217 468 4268 druidarum
482 4217 515 4268 N
518 4233 534 4274 ς
554 4216 726 4284 (druidorum
745 4223 769 4269 et
787 4233 820 4268 ss.
841 4215 874 4267 at
894 4215 1057 4267 druidarum
1072 4218 1103 4283 a),
1124 4215 1287 4268 driadarum
1306 4216 1392 4283 (drya-

252 4296 382 4364 rrRLS)
393 4298 427 4360 Sl,
446 4295 615 4362 Dryidarum
630 4295 669 4348 cd.
691 4297 753 4348 Vera
770 4298 791 4348 I
800 4297 891 4363 (Roth)
965 4301 997 4346 21
1017 4295 1084 4348 iecit
1099 4299 1132 4361 11,
1151 4312 1219 4350 corr.
1235 4313 1252 4355 ς
1274 4295 1392 4364 (Sabelli-

250 4379 307 4429 cusl
381 4381 413 4427 24
433 4375 640 4443 liberorumque
658 4377 690 4440 G,
709 4375 910 4429 libertorumS
979 4375 1153 4429 ministrauit
1168 4376 1224 4430 GX
1299 4376 1392 4442 utique

299 4433 303 4442 ι

257 4456 356 4519 Ursr'rr,
376 4455 458 4506 rebus
477 4455 626 4523 uerbisque
641 4457 729 4508 Pelet·
801 4461 834 4507 25
854 4455 910 4508 illis
929 4473 979 4509 om.
998 4456 1031 4520 G,
1051 4457 1090 4538 eis
1109 4458 1133 4510 Τ
