3142 5112
527 374 636 430 arvus
655 375 845 430 nvovsnvs
865 375 933 447 [ca.
949 387 1036 436 a-a]
1312 376 1355 442 85

206 539 257 602 uir
279 539 387 603 uirum
411 539 541 624 legeret,
564 537 607 602 Μ,
621 539 779 622 Lepidum
802 539 928 604 hostem
952 537 1029 602 clim
1049 539 1117 603 aius
1136 542 1168 601 ct
1185 542 1264 602 tunc
1282 561 1356 603 axu-

206 645 328 709 lantem
355 645 436 731 legit
465 647 745 730 interrogatusque
773 646 813 711 ab
841 667 879 710 ao
908 667 949 708 an
977 649 1082 710 essent
1105 645 1160 708 alii
1185 645 1355 732 digniores,

207 775 313 816 suum
333 773 520 836 quamque
533 751 719 817 iudicium
738 751 878 816 habers
896 751 1070 836 respondit.
1102 773 1161 816 nec
1175 751 1247 818 ideo
1262 751 1356 817 libcr-

206 863 255 924 tas
275 861 331 922 aut
351 858 553 925 contumacia
570 858 676 923 fraudi
696 859 843 942 cuiquam
864 859 935 923 fuit
966 858 1062 924 etiam
1078 880 1206 942 sparsos
1221 859 1259 923 de
1274 881 1307 924 sc
1322 857 1408 929 inat

167 990 192 1034 a
207 966 297 1029 curia
324 966 466 1030 famosos
494 965 622 1030 libellos
650 986 709 1030 nec
736 965 868 1050 expauit
896 969 928 1030 et
954 987 1072 1050 magna
1095 986 1171 1030 cura
1193 966 1357 1051 redarguit

206 1094 243 1137 ac
270 1094 311 1136 ne
339 1073 503 1156 requisitis
531 1072 660 1156 quidem
688 1071 873 1137 auctoribus
897 1072 929 1136 id
952 1072 1049 1136 modo
1074 1073 1212 1153 censuit,
1241 1094 1356 1160 cogno·

205 1179 360 1244 scendum
382 1179 518 1263 posthac
542 1179 580 1244 de
599 1179 649 1263 iis,
672 1179 728 1264 qui
750 1179 878 1244 libellos
897 1183 953 1243 aut
972 1179 1113 1244 carmina
1132 1179 1171 1244 ad
1191 1180 1356 1244 infamiam

206 1285 387 1369 cuiuspiam
412 1285 472 1350 sub
496 1286 600 1350 alieno
624 1285 754 1350 nomine
779 1285 881 1350 edant.

295 1390 380 1456 Iocis
400 1414 528 1477 quoque
548 1394 747 1477 quorundam
768 1393 937 1458 inuidiosis
956 1397 1012 1457 aut
1026 1393 1246 1478 petulantibus
1260 1389 1411 1458 laces-56

163 1524 193 1564 ro
209 1500 290 1563 situs
310 1499 523 1563 contradixit
542 1499 655 1564 edicto
698 1504 730 1563 et
749 1503 857 1564 tamen
874 1522 915 1564 ne
934 1500 973 1564 de
996 1501 1170 1565 inhibenda
1189 1504 1358 1566 testamen

204 1610 315 1670 torum
343 1605 472 1670 licentia
502 1608 674 1690 quicquam
702 1607 953 1671 constitueretur
979 1607 1166 1672 intercessit.
1209 1608 1359 1690 quotiens

204 1713 455 1797 magistratuum
479 1712 618 1777 comitiis
642 1713 822 1792 interesset,
852 1713 957 1778 tribus
985 1735 1058 1780 cum
1087 1714 1263 1780 candidatis
1292 1715 1358 1780 suis

99 1887 101 1889 ,
205 1818 364 1883 circuibat
392 1819 658 1904 supplicabatque
686 1841 775 1884 more
799 1820 956 1885 sollemni.
997 1821 1122 1886 ferebat
1144 1825 1176 1884 ct
1201 1821 1270 1904 ipsc
1294 1821 1359 1885 suf-

204 1927 346 2011 fragium
371 1926 405 1989 in
428 1926 572 2011 tribu[s]‚
596 1931 633 1991 nt
655 1950 739 1991 unus
762 1949 779 1990 e
802 1929 932 2012 populo.
976 1931 1091 1992 testem
1116 1949 1149 1992 se
1173 1929 1206 1992 in
1229 1927 1359 1994 iudiciis

162 2058 191 2098 15
206 2037 240 2096 ct
263 2033 455 2118 interrogari
480 2038 512 2097 et
534 2033 639 2098 refelli
667 2035 862 2117 aequissimo
886 2034 993 2098 animo
1017 2033 1209 2118 patiebatur.
1250 2034 1393 2098 foruma

206 2140 376 2225 angustius
400 2139 477 2204 fecit
500 2162 566 2204 non
594 2163 690 2206 ausus
717 2145 907 2223 extorquere
930 2141 1171 2224 possessoribus
1195 2141 1359 2224 proximas

206 2247 330 2310 domos.
375 2268 552 2330 numquam
582 2248 668 2312 filios
699 2269 774 2312 suos
804 2246 926 2331 populo
959 2245 1197 2312 commendauit
1226 2252 1264 2310 ut
1293 2269 1360 2311 non

206 2353 360 2417 adiceret:
388 2353 420 2416 si
444 2353 702 2419 merebuntur.
743 2354 862 2417 eisdem
890 2353 1099 2438 praetextatis
1127 2354 1232 2420 adhue
1255 2375 1358 2418 assur-

205 2464 332 2524 rectum
360 2459 400 2524 ab
428 2460 587 2526 uniuersis
615 2460 649 2524 in
672 2460 798 2524 theatro
828 2464 902 2524 eta
930 2461 1091 2525 stantibus
1116 2463 1265 2545 plausum
1289 2483 1359 2546 gra·

160 2568 339 2631 sanissime
364 2571 497 2650 questus
521 2571 578 2631 est.
619 2567 740 2632 amicos
764 2568 809 2631 ita
837 2589 970 2652 magnos
994 2572 1027 2632 et
1053 2573 1201 2652 potentes
1226 2569 1260 2632 in
1283 2568 1360 2631 ciui-

206 2677 274 2737 tate
303 2695 370 2737 esse
398 2673 516 2754 uoluit,
545 2679 581 2737 ut
608 2678 716 2738 tamen
745 2675 817 2758 pari
840 2674 908 2739 iure
932 2678 1039 2738 essent
1064 2696 1128 2758 quo
1152 2676 1259 2759 ceteri,
1282 2676 1360 2760 legi-

206 2781 333 2864 busque
364 2781 541 2845 iudioiariis
571 2803 671 2863 aeque
702 2783 894 2844 tenerentur.
940 2803 1014 2844 cum
1043 2779 1203 2865 Asprenas
1233 2779 1396 2846 Noniuss

207 2888 309 2951 artius
335 2889 364 2951 ei
388 2889 517 2952 iunctus
538 2908 666 2952 causam
685 2887 834 2952 ueneficii
857 2892 1025 2952 accusante
1045 2886 1156 2952 Cassio
1176 2886 1295 2952 Seuero
1315 2867 1360 2952 dil

207 2999 303 3077 ceret,
318 2995 482 3058 consuluit
495 2998 652 3076 sanatum,
668 2993 760 3076 quid
779 2994 902 3057 officii
921 2994 979 3058 sui
998 2998 1166 3078 putaret3
1185 2997 1361 3059 cunctari

162 3125 192 3165 ss
208 3102 308 3165 enim
329 3123 380 3183 se,
403 3121 447 3164 nc
467 3102 496 3164 si
515 3105 750 3185 superesset,
774 3100 969 3186 criperc[t]
989 3100 1142 3185 legibus
1160 3123 1277 3183 reum,
1302 3102 1361 3166 sin
1408 3147 1410 3156 ι

283 3335 317 3382 20
336 3329 454 3398 Eatrcp.
477 3330 536 3384 VII
553 3334 584 3394 8,
600 3333 616 3381 4
635 3328 665 3381 in
685 3327 790 3382 amicos
809 3299 961 3381 fidissimus
982 3328 1171 3396 (fidelissimus
1187 3346 1256 3396 pars
1273 3330 1360 3396 codd,

206 3408 374 3470 πιστότατος
394 3411 523 3474 Paeoni,
546 3426 616 3478 quos
640 3409 729 3462 tantis
754 3408 848 3462 auexit
871 3408 1037 3476 honoribus,
1061 3406 1094 3462 'ut
1116 3425 1206 3477 paene
1226 3413 1362 3476 aequaret

206 3489 326 3560 fastigio
346 3506 396 3543 suo
416 3491 460 3558 (cf.
481 3493 553 3559 Aug.
574 3490 629 3557 66).

282 3710 296 3757 1
317 3701 362 3755 uir
380 3703 472 3755 uirum
494 3703 569 3756 Torr.
589 3702 634 3771 (cf.
655 3718 713 3770 cap.
730 3706 784 3769 35),
803 3702 984 3755 triumuirum
998 3703 1067 3767 saN,
1096 3703 1146 3755 del.
1161 3719 1222 3754 cuia
1240 3706 1362 3770 sequenti

208 3785 281 3854 legit
300 3783 418 3850 Scbcffer
490 3782 651 3836 exulantem
671 3785 721 3849 (te
741 3778 791 3836 L¹t
810 3787 839 3834 X
842 3781 857 3848 ²,
877 3781 1052 3836 exultantem
1070 3783 1116 3836 rel.
1137 3785 1177 3850 (at
1195 3785 1226 3836 ia
1241 3782 1268 3835 R
1286 3786 1299 3834 t
1315 3787 1360 3850 aa.)

207 3872 226 3918 4
245 3864 378 3931 cuiquam
397 3863 491 3916 fraudi
513 3863 538 3916 G
617 3862 684 3933 fuit]
705 3862 796 3915 defuit
819 3866 842 3914 Τ
919 3869 934 3915 5
955 3863 995 3933 et]
1014 3879 1065 3916 nec
1088 3863 1178 3928 Tora,
1198 3864 1248 3914 aut
1262 3863 1360 3916 Baria.

209 3944 280 3998 aid
300 3943 391 3998 cm.G
451 3942 592 3996 alibellis
612 3945 662 3995 aut
681 3942 799 3995 crimina
815 3944 840 3995 V
892 3949 977 3995 Sauo
993 3942 1122 3995 aheneus
1141 3944 1216 3996 Tora.
1274 3948 1306 3994 10
1326 3959 1360 3996 nc

208 4020 260 4080 omss
273 4027 311 4079 M
313 4026 358 4077 ‘l‘d
377 4024 421 4092 (cf.
433 4025 449 4077 l.
461 4027 505 4091 11)
560 4039 595 4076 ne
614 4022 777 4075 inhabenda
796 4023 958 4091 (099119)ίὶ
1013 4029 1044 4075 11
1061 4039 1095 4076 ne
1116 4025 1229 4076 senatus
1245 4028 1309 4090 post
1327 4022 1362 4074 li-

209 4106 305 4159 centia
320 4105 384 4158 add.
398 4107 429 4169 Y,
443 4107 509 4157 ned
563 4102 786 4156 constitueretY
835 4109 867 4155 14
882 4102 959 4156 tribu
970 4103 1115 4168 Erasmus,
1128 4101 1304 4170 tribus(trib:
1318 4104 1361 4168 M,

206 4187 392 4254 perscriptam
406 4186 437 4237 ia
450 4185 507 4238 solo
520 4185 555 4252 G)
566 4187 600 4248 a,
619 4183 749 4236 tribubus
765 4185 812 4250 Τς,
831 4183 908 4235 tribu
923 4182 1018 4254 s<ua>
1032 4184 1108 4236 Torr.
1180 4184 1224 4252 ut]
1240 4185 1268 4236 et
1281 4184 1314 4235 ut
1324 4187 1361 4248 H,

209 4267 278 4336 etQ
352 4271 385 4318 16
410 4264 557 4333 augustius
575 4265 633 4318 GV
701 4269 734 4315 18
758 4263 899 4316 adiecerat
915 4266 950 4317 M
955 4264 962 4292 ¹
982 4263 1056 4330 (iada
1075 4263 1211 4317 adiecerit
1225 4264 1361 4333 Bentley),

209 4347 356 4400 addiceret
376 4348 402 4399 V
472 4350 505 4398 19
525 4348 553 4398 et
573 4342 752 4395 adstantibus
773 4344 904 4412 VLPSQ
977 4348 1009 4394 22
1029 4342 1174 4396 iudicariis
1191 4344 1247 4413 VQ,
1267 4361 1299 4397 ac
1318 4344 1361 4395 iu-

210 4427 292 4480 diciis
314 4426 411 4481 Madd.
493 4426 640 4478 tuerentur
660 4423 684 4476 G
765 4429 798 4475 24
818 4423 887 4490 quid
908 4423 977 4491 GN,
997 4423 1072 4490 quod
1090 4425 1137 4478 rel.
1158 4427 1220 4492 (per
1239 4440 1364 4491 coaepara-

210 4507 287 4560 diam
313 4506 433 4574 Vnus)
506 4511 539 4558 25
559 4503 665 4572 eripere
685 4505 803 4557 Ieactcr
