3108 5102
512 326 739 382 DOMITIANVS
759 339 824 388 [car.
840 345 858 382 1.
873 341 893 390 r]
1215 331 1281 395 335

127 509 217 550 mum
248 511 437 574 progressus
467 493 499 554 et
529 488 645 555 Caesar
676 490 1079 558 consalutatus'honorem
1110 497 1279 577 praeturae

127 593 272 659 urbanae
294 597 456 661 consulari
479 601 638 680 potestate
667 598 809 682 suscepit
836 599 932 664 titulo
961 597 1068 684 tenus,
1095 623 1170 663 nam
1199 602 1280 666 iuris

128 700 301 766 dictionem
328 703 369 766 ad
392 702 549 788 collegam
569 705 753 788 proximum
777 705 957 783 transtulit,
986 710 1127 771 ceterum
1151 729 1279 772 omnem

128 809 198 872 uim
229 809 458 875 dominationis
486 816 553 876 tam
580 812 714 877 licenter
741 812 897 897 exercuit,
925 817 962 877 ut
990 815 1054 877 iam
1082 818 1151 878 tum
1177 813 1280 897 qualis

98 916 258 983 afuturus
291 923 375 980 esset
406 917 596 982 ostenderet.
651 941 691 984 ne
723 941 863 1002 exequar
892 919 1036 1004 singula,
1073 923 1281 987 contractatis

128 1025 306 1088 multorum
334 1023 491 1087 uxoribus
520 1024 697 1089 Domitiam
720 1026 901 1110 Longinam
930 1025 1023 1092 Aelio
1048 1027 1178 1092 Lamiae
1201 1051 1279 1112 nup-

128 1135 197 1194 tam
229 1131 326 1195 etiam
360 1129 395 1194 in
425 1131 664 1196 matrimonium
693 1133 839 1218 abduxit,
877 1139 972 1218 atque
1005 1156 1068 1198 uno
1102 1135 1152 1198 die
1184 1157 1280 1218 super

128 1237 191 1300 XX
215 1237 323 1302 officia
346 1238 469 1302 urbana
492 1243 547 1302 aut
565 1240 736 1324 peregrina
755 1240 929 1322 distribuit,
952 1241 1083 1305 mirari
1103 1264 1141 1306 se
1159 1240 1280 1325 Vespa-

129 1345 221 1408 siano
243 1343 420 1428 dictitante,
447 1346 546 1427 quod
569 1368 828 1412 successorem
849 1369 924 1411 non
945 1351 982 1413 et
1003 1349 1077 1412 sibi
1098 1349 1279 1413 mitteret.

87 1479 114 1518 ro
129 1452 367 1536 expeditionem
387 1474 515 1536 quoque
533 1453 568 1516 in
588 1452 724 1518 Galliam
746 1451 995 1538 Germaniasque
1013 1477 1116 1539 neque
1139 1458 1317 1522 necessa-2

129 1560 212 1623 riam
236 1562 268 1621 et
291 1557 549 1624 dissuadentibus
579 1563 722 1644 paternis
746 1563 857 1626 amicis
885 1562 1064 1646 incohauit,
1093 1566 1220 1627 tantum
1244 1565 1280 1627 ut

129 1665 225 1728 fratri
248 1688 281 1728 se
305 1669 336 1729 et
360 1666 476 1750 opibus
500 1670 532 1730 et
556 1667 741 1753 dignatione
765 1669 965 1751 adaequaret.

222 1771 270 1837 Ob
298 1773 377 1836 haec
405 1778 585 1857 correptus,
614 1797 677 1857 quo
705 1777 808 1860 magis
836 1777 1004 1840 etaetatis
1028 1780 1060 1838 et
1084 1776 1281 1840 condicionis

130 1879 364 1962 admoneretur,
388 1879 556 1945 habitabat
582 1903 654 1947 cum
677 1885 768 1965 patre
792 1904 856 1946 una
879 1883 1055 1966 sellamque
1075 1883 1143 1947 eius
1163 1906 1199 1948 ac
1218 1883 1280 1946 fra-

89 2013 115 2053 15
130 1988 204 2062 tris,
242 1988 390 2070 quotiens
422 1987 599 2071 prodirent,
635 1991 749 2052 lectica
786 1990 980 2071 sequebatur
1012 2012 1049 2055 ac
1081 1991 1280 2072 triumphum

130 2095 301 2176 utriusque
324 2091 490 2159 Iudaicum
514 2117 596 2179 equo
616 2094 689 2159 albo
710 2097 882 2160 comitatus
902 2101 956 2159 est.
1000 2097 1099 2180 qui<n
1117 2101 1150 2162 et
1169 2096 1207 2179 e>
1226 2118 1281 2160 sex

131 2200 351 2265 consulatibus
369 2224 436 2266 non
453 2203 517 2265 nisi
536 2225 635 2266 unum
655 2191 850 2268 ordinarium
871 2191 970 2288 gessit
995 2225 1131 2287 eumque
1151 2204 1281 2268 cedente

131 2329 170 2371 ae
197 2308 394 2394 suffragante
421 2309 528 2372 fratre.
580 2308 744 2373 simulauit
771 2313 803 2372 et
825 2311 895 2394 ipse
923 2310 1002 2374 mire
1031 2308 1219 2374 modestiam
1247 2311 1316 2377 ina

130 2416 309 2499 primisque
337 2416 481 2500 poeticae
510 2416 666 2498 studium,
696 2421 763 2482 tam
793 2417 955 2482 insuetum
979 2421 1072 2481 antea
1096 2415 1159 2480 sibi
1183 2439 1280 2500 quam

90 2548 116 2586 ao
131 2525 245 2607 postea
268 2526 412 2605 spretum
436 2527 468 2586 et
491 2522 660 2607 abiectum,
684 2523 896 2608 recitauitque
920 2525 1017 2588 etiam
1041 2523 1177 2608 publice.
1224 2545 1282 2589 uec

130 2633 241 2693 tamen
264 2650 301 2693 eo
326 2631 438 2712 setius,
467 2651 539 2694 cum
563 2629 765 2715 Vologaesus
790 2631 983 2695 Parthorum
1007 2654 1063 2695 rex
1087 2632 1207 2695 auxilia
1230 2631 1282 2694 ad-

131 2757 244 2801 uersus
268 2734 389 2800 Alanos
414 2737 591 2821 ducemque
614 2719 750 2801 alterum
775 2760 813 2801 ex
838 2737 1030 2822 Vespasiani
1052 2737 1162 2802 liberis
1187 2739 1282 2821 depo·

131 2843 299 2928 poscisset,
323 2845 411 2907 omni
435 2865 496 2928 ope
520 2844 685 2908 contendit
709 2848 745 2907 ut
769 2845 837 2926 ipse
860 2845 1067 2927 potissimum
1086 2845 1282 2929 mitteretur3

131 2955 165 3015 et
194 2951 269 3034 quia
292 2949 434 3014 discussa
457 2973 507 3014 res
531 2954 592 3031 est,
621 2951 701 3015 alios
726 2949 866 3015 Orientis
889 2972 981 3035 reges
1004 2955 1041 3014 ut
1064 2952 1148 3015 idem
1172 2956 1281 3034 postu·

88 3080 116 3121 aa
131 3057 236 3122 larent
260 3057 353 3121 donis
377 3077 413 3121 ac
429 3056 726 3140 pollicitationibus
751 3055 925 3121 sollicitare
948 3059 1129 3141 temptauit.

222 3164 317 3228 Patre
341 3163 492 3228 defuncto
513 3164 567 3227 diu
586 3167 755 3229 cunctatus
775 3187 814 3228 an
831 3163 965 3246 duplum
981 3164 1169 3230 donatiuum
1185 3165 1281 3228 militi
1301 3184 1318 3231 3

132 3273 271 3355 offerret,
289 3292 465 3354 numquam
480 3271 598 3335 iactare
614 3270 776 3334 dubitauit
794 3269 975 3334 relictum
995 3293 1033 3335 se
1052 3273 1283 3355 participem

131 3377 300 3463 imperii,
319 3377 383 3441 sed
401 3377 573 3440 fraudem
593 3380 825 3441 testamento
845 3377 1071 3461 adhibitam3
1095 3401 1199 3462 neque
1218 3401 1282 3443 ces-

132 3486 217 3551 sauit
236 3508 275 3550 ex
289 3507 326 3549 eo
346 3484 479 3550 insidias
494 3487 616 3548 struere
635 3484 727 3548 fratri
747 3483 829 3548 clam
847 3485 1071 3569 palam<que>,
1090 3486 1197 3570 quoad
1217 3507 1282 3550 cor-

205 3703 220 3750 2
240 3714 304 3750 cum
319 3703 382 3766 post
400 3695 525 3749 urbanae
544 3697 607 3749 odd.
627 3699 652 3748 Τ
739 3712 805 3748 nam
823 3698 847 3748 Ι.
865 3695 993 3762 Graeco,
1015 3714 1099 3764 quam
1118 3699 1151 3761 Ω,
1172 3697 1239 3764 quia
1259 3717 1282 3764 ς,

132 3779 265 3848 qnoniam
287 3777 356 3832 Ocd.
381 3778 426 3846 (of.
443 3794 471 3846 p.
488 3780 588 3847 347,2)
689 3781 764 3830 bne
784 3775 849 3845 HQ,
864 3769 930 3829 'neo
952 3778 998 3831 rel.
1101 3777 1282 3831 contrectatis

132 3858 209 3914 codd.
224 3866 336 3928 praeter
352 3860 389 3913 M
477 3863 510 3910 10
530 3874 617 3924 quoq:
643 3872 679 3909 ne
697 3855 727 3908 in
743 3857 796 3910 Mo
814 3858 860 3926 (ne
875 3859 995 3925 pertinet
1013 3858 1051 3911 ad
1069 3857 1228 3922 cessariam,
1247 3859 1281 3924 ef.

132 3939 227 3994 Herm.
243 3943 279 3994 36
292 3957 318 4007 p.
333 3941 399 4007 293)
476 3937 563 4008 gallia
579 3939 622 4003 M,
637 3936 772 4006 gallias&
842 3954 910 4006 neq:
930 3937 1080 3991 cessariam
1095 3940 1133 3992 Μ
1147 3941 1184 4008 (u.
1199 3940 1283 4006 uate),

131 4019 336 4074 neocaesariam
351 4021 411 4088 (om.
425 4020 560 4088 nequem
616 4023 648 4070 12
668 4016 799 4086 operibus
815 4017 873 4078 11²5
887 4019 983 4088 (culp.)
1046 4020 1074 4072 et
1091 4017 1231 4087 dignitate
1248 4017 1283 4084 G,

131 4097 328 4169 indignatione
344 4100 370 4153 L
443 4103 476 4151 14
495 4115 580 4152 unam
598 4099 678 4152 MT&
751 4103 784 4150 16
803 4096 894 4170 qui<n
913 4100 941 4152 et
959 4098 996 4170 e>
1016 4115 1064 4153 sex
1082 4099 1180 4168 scripsi
1202 4098 1284 4166 (quin

131 4196 166 4234 ex
186 4179 318 4249 Bentley,
341 4179 375 4246 cf.
395 4180 490 4234 Herm.
505 4183 541 4234 40
551 4196 581 4247 p.
598 4181 674 4248 190),
695 4179 757 4246 quis
781 4193 815 4232 ex
830 4178 902 4244 MR,
921 4179 971 4246 qui
990 4195 1038 4232 sex
1059 4179 1166 4246 eLPo,
1185 4178 1215 4231 in
1234 4193 1283 4231 sex

132 4303 260 4375 HQSOT
276 4306 372 4375 (culp)
446 4309 480 4358 20
499 4303 585 4357 etiam
604 4320 654 4356 our.
672 4304 698 4358 G
770 4310 803 4356 21
818 4302 968 4372 uologesus
987 4307 1017 4366 T,
1037 4263 1182 4373 uologisus
1201 4305 1229 4371 (a
1247 4319 1281 4357 as.

131 4403 165 4518 q.
180 4387 209 4454 2)
215 4385 291 4520 aiam
309 4389 350 4520 ἐξ
369 4384 507 4438 instruere
523 4387 560 4438 M
562 4385 602 4438 Τὸ
674 4383 824 4451 palamque
841 4384 881 4442 Τς
901 4385 945 4452 (cf.
961 4385 1015 4438 Iul.
1028 4387 1120 4454 80,1)‚
1140 4385 1168 4436 et
1186 4382 1282 4452 palam

162 4483 213 4534 ‚P
349 4508 355 4520 ·

1365 293 1397 367 ζ
1435 237 1436 242 a
