3166 5106
561 387 727 442 TIBERIVS
747 399 813 448 [car.
828 399 916 448 sa-au
1248 387 1309 451 139

161 554 326 619 communi
350 552 510 616 sententia
533 554 716 616 coercerent
739 554 852 614 auctor
870 549 940 615 fuit
983 548 1115 638 eq(uiti)
1134 548 1310 636 R(oman0)

160 659 241 724 iuria
265 658 392 722 iurandi
414 659 555 745 gratiam
577 658 662 740 fecit,
685 678 819 721 uxorem
843 656 876 720 in
900 662 1012 740 stupro
1036 657 1146 742 generi
1168 677 1309 741 comper·

158 771 226 830 tam
251 766 441 848 dimitteret,
474 787 571 848 quam
600 786 634 828 se
661 786 840 847 numquam
863 763 1107 848 repudiaturum
1130 767 1204 828 ante
1228 763 1308 826 iura-

158 877 259 936 uerat.
301 873 438 936 feminae
466 867 632 956 famosae,¹
648 874 686 934 ut
709 871 749 935 ad
772 871 938 935 euitandas
965 871 1074 956 legum
1097 891 1216 954 poenas
1239 870 1344 934 iures

125 1001 196 1046 aaa
220 979 378 1066 dignitate
402 979 574 1043 matronali
597 978 831 1060 exolueruntur,
853 977 1048 1042 lenocinium
1071 977 1218 1060 profiteri
1241 997 1309 1041 coe-

157 1091 283 1170 perant,
302 1091 334 1150 et
352 1108 392 1150 ex
411 1087 580 1150 iuuentute
599 1085 768 1168 utriusque
787 1083 908 1148 ordinis
927 1083 1210 1169 profligatissimus
1225 1083 1309 1167 quis-

158 1215 231 1278 que,
255 1193 427 1276 quominus
455 1192 489 1256 in
519 1213 617 1276 opera
644 1213 776 1256 scaenae
802 1191 1004 1274 harenaeque
1031 1190 1153 1254 edenda
1180 1195 1309 1255 senatus

157 1299 307 1364 consulto
331 1304 502 1382 teneretur,
525 1299 643 1364 famosi
666 1298 777 1362 iudicii
800 1303 911 1363 notam
932 1302 1047 1381 sponte
1066 1297 1231 1383 subibant,
1255 1319 1309 1362 eos

156 1427 275 1489 easque
295 1427 415 1489 omnes,
437 1425 478 1470 ne
500 1405 587 1488 quod
605 1405 768 1490 refugium
786 1405 820 1469 in
838 1405 898 1468 tali
916 1403 1028 1468 fraude
1047 1403 1196 1487 cuiquam
1217 1409 1310 1486 esset,

111 1512 256 1578 nexilis
279 1512 406 1579 adfecit.
444 1512 586 1577 senatori
609 1511 712 1575 latum
736 1511 863 1576 clauum
886 1512 1019 1594 ademit,
1043 1533 1116 1576 oum
1139 1517 1309 1598 cognosset

156 1619 219 1684 sub
248 1619 318 1683 Kal.
346 1618 405 1684 Iul.
435 1620 631 1705 demigrasse
665 1618 699 1683 in
731 1618 858 1702 hortos,
890 1640 955 1703 quo
988 1619 1085 1684 uilius
1117 1624 1192 1703 post
1225 1620 1309 1684 diem

156 1725 252 1790 aedes
275 1725 311 1790 in
332 1726 412 1790 urbe
436 1727 635 1790 conduceret.
673 1725 774 1790 alium
798 1748 815 1789 e
840 1731 1014 1810 quaestura
1040 1727 1194 1808 remouit,
1223 1726 1309 1810 quod

155 1855 293 1898 uxorem
316 1834 420 1917 pridie
444 1832 648 1897 sortitionem
672 1831 800 1896 duotmn
828 1833 985 1916 postridie
1008 1833 1215 1916 repudiasset.
1257 1830 1362 1898 err-36

155 1945 265 2004 ternas
294 1940 518 2022 caerimonias,
546 1935 726 2024 Aegyptios
753 1937 965 2024 Iudaicosque
993 1941 1074 2004 ritus
1103 1940 1308 2024 compescuit,

111 2072 139 2114 rs
155 2048 276 2111 coactis
301 2048 357 2130 qui
380 2045 609 2129 superstitione
632 2067 670 2110 ea
697 2046 890 2110 tenebantur
916 2046 1082 2132 religiosas
1105 2050 1211 2110 uester
1235 2067 1307 2110 eum

156 2156 372 2219 instrumento
393 2154 481 2218 omni
501 2152 697 2217 comburere.
732 2150 924 2217 Iudaeorum
943 2137 1144 2217 iuueritutem
1163 2173 1221 2236 per
1240 2175 1307 2238 spe·

155 2261 240 2324 ciem
264 2261 455 2325 sacramenti
478 2261 512 2323 in
535 2260 720 2343 prouincias
748 2259 908 2345 grauioris
936 2259 1016 2324 caeli
1040 2259 1214 2344 distribuit,
1236 2260 1308 2324 reli-

156 2389 241 2452 quos
265 2367 371 2454 gentis
395 2367 535 2431 eiusdem
555 2366 608 2431 uel
628 2364 747 2430 similia
765 2370 922 2431 sectantes
940 2365 1020 2430 urbe
1040 2367 1224 2449 summouit,
1248 2366 1307 2430 sub

154 2496 262 2559 poena
294 2479 468 2558 perpetuae
501 2472 666 2538 seruitutis
699 2473 762 2538 nisi
795 2472 1077 2557 obtemperassent.
1124 2472 1249 2556 expulit
1276 2477 1308 2538 et

111 2609 139 2648 ao
154 2581 419 2666 mathematicos,
446 2581 501 2645 sed
529 2579 774 2665 deprecantibus
803 2601 840 2644 ac
868 2602 901 2644 se
928 2585 1029 2644 artem
1053 2579 1211 2646 desituros
1234 2602 1307 2664 pro-

154 2688 363 2752 mittentibus
387 2687 515 2752 ueniam
539 2687 635 2752 dedit.

247 2793 286 2858 In
313 2796 426 2879 primis
454 2795 591 2858 tuendae
618 2793 708 2878 pacis
737 2815 755 2856 a
778 2793 970 2879 grassaturis
998 2815 1035 2858 ac
1060 2794 1237 2858 latrociniis
1261 2791 1358 2860 se-37

155 2901 383 2988 ditionumqus
410 2901 541 2965 licentia
574 2922 682 2965 curam
714 2899 838 2964 habuit.
890 2901 1043 2966 stationes
1077 2901 1217 2965 militum
1250 2924 1308 2985 per

154 3006 285 3073 Italiam
306 3008 401 3074 solito
421 3007 655 3091 frequentiores
675 3007 842 3092 disposuit.
875 3007 998 3072 Rornae
1012 3013 1115 3072 castra
1130 3007 1307 3090 constituit,

111 3142 138 3182 a
155 3115 274 3198 quibus
308 3115 529 3198 praetorianae
564 3113 711 3178 cobortes
739 3135 841 3200 uagae
874 3118 948 3178 ante
975 3114 1009 3178 id
1034 3119 1162 3198 ternpus
1191 3120 1223 3179 et
1250 3107 1308 3198 per

154 3223 300 3306 hospitia
324 3222 483 3305 dispersae
508 3221 755 3286 continerentur.

156 3367 371 3376 --------

230 3455 262 3503 16
281 3449 355 3504 Oros.
368 3449 427 3502 VH
435 3453 502 3516 417
521 3448 649 3501 Tiberius
664 3448 803 3516 siquidem
817 3448 994 3501 iuuentutem
1008 3464 1103 3501 eorum
1118 3449 1306 3518 (Iudaeorum)

153 3545 206 3598 per
221 3529 343 3597 speciem
362 3529 530 3582 sacramenti
549 3529 579 3582 in
597 3528 759 3597 prouincias
773 3528 913 3597 grauioris
928 3527 999 3582 caeli
1014 3528 1165 3598 relegauit,
1184 3529 1305 3598 reliquos

153 3609 249 3680 gentis
265 3609 391 3663 eiusdem
409 3609 456 3662 uel
470 3608 574 3662 similia
589 3610 728 3663 sectantes
743 3608 811 3662 urbe
826 3608 968 3663 submouit
982 3609 1034 3662 sub
1048 3625 1139 3678 poena
1153 3611 1306 3678 perpetuae

153 3689 311 3755 seruitutis,
330 3689 385 3742 nisi
401 3689 648 3758 obtemperassent.
705 3696 739 3743 24
755 3690 847 3743 Victor
858 3690 931 3744 Ooes.
942 3693 994 3754 2,4
1009 3692 1167 3744 contractas
1182 3689 1306 3756 undique

153 3769 286 3824 cohortes
313 3769 483 3838 praetorias,
512 3786 586 3838 quae
614 3770 756 3838 dispersae
779 3770 916 3838 proximis
941 3769 1104 3839 municipiis
1128 3786 1177 3823 seu
1200 3770 1306 3822 Romae

153 3866 285 3918 quaeque
303 3866 355 3918 per
374 3850 471 3903 domos
495 3849 686 3912 habebantur,
714 3850 743 3902 in
772 3852 864 3903 castra
884 3848 960 3918 apud
983 3849 1081 3902 urbem
1104 3850 1226 3917 redegit;
1250 3865 1306 3916 qua

152 3929 326 3983 tenebantur
344 3929 551 3998 praefecturam
571 3929 731 3998 appellans,
750 3930 797 3983 uel
812 3946 926 3999 augens,
941 3930 1094 3997 praetorio:
1114 3947 1180 3983 nam
1200 3931 1305 3984 ceteros

154 4009 315 4079 paritorum
333 4010 533 4079 praesidesque
553 4010 696 4078 Augustus
716 4009 879 4063 instituerat
898 4011 942 4078 (cf.
962 4009 1034 4064 Suet.
1046 4011 1119 4080 Aap.
1130 4013 1183 4078 49).

229 4213 332 4267 2iuris
347 4231 459 4268 corrues
473 4215 517 4267 ius
530 4215 566 4268 M
626 4212 694 4267 fecit
714 4213 789 4286 (ut)
805 4215 948 4281 Erasmaa,
965 4215 1082 4285 Modoip
1145 4214 1306 4267 tfamosae

152 4293 286 4364 om.H¹Q
336 4293 504 4348 deuitandas
515 4294 547 4356 S,
566 4294 685 4346 uitanda
698 4295 731 4358 G,
750 4295 883 4349 uitandas
894 4295 935 4348 11¹
986 4297 1142 4362 lopereX
1194 4296 1306 4347 8tene-

151 4375 253 4427 rentur
267 4391 283 4432 ς
298 4374 367 4442 (edd.
375 4376 475 4443 prisia,
485 4375 571 4443 sulp.)
627 4380 641 4426 9
661 4374 823 4443 perfugium
836 4376 952 4430 Ursinus
1007 4382 1040 4428 10
1059 4375 1239 4445 cognouisset
1255 4375 1309 4430 GT

154 4459 188 4506 1⁵2
204 4453 232 4523 e]
248 4469 281 4506 ae
293 4455 331 4506 M
333 4495 340 4518 ,
360 4470 410 4507 om.
426 4457 454 4507 Χ
456 4454 498 4508 ’Ν
500 4496 508 4520 ,
526 4457 556 4506 et
571 4471 586 4512 ς
607 4456 691 4524 (culp.
704 4462 767 4522 poet
781 4456 839 4509 edd.
855 4456 961 4523 aliquot
973 4473 1040 4510 saec.
1053 4456 1138 4524 XV),
1158 4472 1175 4508 a
1190 4457 1306 4524 Bentley

154 4539 188 4586 13
209 4533 385 4587 sortitionem
397 4535 511 4599 MGV1‚
532 4534 678 4587 sortitione
697 4537 743 4589 rel.
764 4536 860 4606 (culp.)
933 4541 967 4588 25
986 4535 1028 4606 id]
1048 4535 1123 4588 idem
1140 4538 1165 4587 Τ
