3136 5100
602 398 702 453 Naso
722 410 792 460 [car.¹
802 405 891 461 scr-‘481
1253 399 1321 464 265,

171 569 280 648 posset
312 563 516 628 miseratione
547 563 675 628 uenum
707 564 952 646 praeteritorum
980 567 1177 646 precaretur,
1213 583 1251 627 ac
1284 566 1318 628 ni

170 671 313 736 flexisset
330 671 465 752 animos,
487 670 541 734 uel
558 668 700 756 Aegypti
718 669 952 752 praefecturam
971 670 1105 735 concedi
1122 669 1184 734 sibi
1204 653 1320 734 oraret)

171 779 323 842 inuentus
346 781 396 840 est
413 780 526 859 postea
547 775 583 840 in
604 776 723 840 scrinio
745 777 815 840 eius
833 777 895 840 hac
912 777 951 840 de
970 798 1005 840 re
1023 798 1128 840 sermo
1147 776 1319 861 formatum

172 885 227 949 sed
254 885 442 948 deterritum
472 886 600 966 putant,
629 904 670 948 ne
699 883 788 967 prius
820 904 915 965 quam
943 883 977 948 in
1004 884 1111 948 forum
1138 886 1320 967 perueniret

142 991 411 1073 ediscet-peretur.
657 983 662 992 ¹
1316 1045 1318 1050 ,

262 1095 315 1162 Sic
338 1097 533 1182 cogitatione
556 1097 590 1160 in
612 1101 776 1180 posterum
799 1097 884 1161 diem
907 1095 1006 1161 dilata
1029 1098 1069 1161 ad
1091 1097 1229 1161 mediam
1252 1097 1356 1162 feret

171 1209 301 1270 noctem
328 1206 498 1285 excitatus,
527 1208 565 1267 ut
592 1205 748 1285 comperit
775 1204 946 1268 stationem
975 1205 1116 1268 militum
1143 1205 1320 1287 recessisse,

171 1311 321 1394 prosiluit
344 1333 361 1374 e
383 1311 467 1376 lecto
491 1310 642 1393 misitque
665 1312 785 1374 circum
803 1311 934 1391 amicos,
958 1314 991 1374 et
1008 1312 1085 1393 quia
1102 1311 1186 1375 nihil
1204 1333 1224 1373 a
1241 1332 1320 1394 quos

172 1440 270 1501 quam
288 1416 540 1500 renuntiabatur,
558 1418 628 1499 ipse
646 1438 719 1480 cum
737 1418 847 1500 paucis
861 1417 1003 1500 hospitia
1016 1417 1219 1502 singulorum
1233 1418 1320 1482 adiit.

128 1547 158 1588 rs
171 1547 284 1589 uerum
315 1526 431 1589 clausis
462 1525 606 1588 omnium
636 1523 773 1606 foribus,
803 1525 1016 1607 respondente
1044 1523 1148 1607 nullo,
1175 1525 1211 1588 in
1233 1525 1320 1590 cubis

172 1631 280 1696 culum
303 1631 408 1713 rediit,
430 1631 514 1694 unde
537 1632 602 1694 iam
625 1634 657 1694 et
678 1631 825 1694 custodes
846 1631 1047 1716 diffugerant,
1071 1631 1204 1714 direptis
1223 1632 1320 1695 etiam
1353 1675 1355 1682 -

172 1739 334 1823 stragulis,
357 1741 465 1802 amota
487 1742 520 1801 et
545 1737 664 1820 pyxide
686 1739 816 1820 ueneni3
844 1759 881 1802 ac
906 1739 1016 1801 statim
1041 1736 1209 1821 Spiculum
1236 1761 1319 1802 mur-

172 1845 339 1909 millonem
356 1844 411 1908 uel
434 1843 610 1927 quemlibet
632 1843 733 1907 alium
756 1864 986 1928 percussorem,
1010 1845 1099 1908 cuius
1119 1866 1217 1908 manu
1238 1846 1319 1928 peri·

171 1956 229 2034 ret,
251 1953 399 2034 requisiit
418 1955 449 2014 et
469 1952 597 2014 nemine
615 1954 756 2034 reperto:
779 1972 871 2035 ergo
895 1972 978 2036 ego,
1001 1952 1116 2034 inquit,
1138 1973 1207 2015 nec
1230 1953 1321 2014 ami÷

128 2079 256 2123 ascum
278 2049 407 2122 habeo
422 2078 490 2121 nec
511 2058 732 2121 inimicum?
760 2059 994 2141 procurritque,
1018 2058 1110 2140 quasi
1133 2058 1320 2140 praecipita·

172 2169 264 2228 turus
289 2187 322 2229 se
345 2166 379 2228 in
402 2163 552 2228 Tiberim.
590 2164 645 2228 sed
667 2167 817 2227 reuocato
841 2186 951 2228 rursus
979 2166 1103 2247 impetu
1127 2163 1250 2247 aliquid
1272 2157 1374 2228 se-48

172 2272 320 2336 cretioris
341 2271 482 2335 latebrae
506 2270 546 2333 ad
569 2269 786 2355 colligendum
807 2272 950 2333 animum
970 2271 1171 2353 desiderauit,
1195 2275 1227 2333 et
1246 2271 1342 2334 offe-¹¹
1357 2279 1370 2314 ἰ

172 2383 262 2441 rente
291 2377 436 2442 Phaonte
465 2376 582 2442 liberto
612 2377 831 2441 suburbanum
861 2397 955 2441 suum
987 2379 1072 2441 inter
1103 2376 1258 2441 Salariam
1290 2383 1322 2442 et

172 2483 410 2548 Nomentanam
441 2485 529 2548 uiam
560 2485 643 2549 circe
675 2489 826 2567 quartum
856 2484 1045 2568 miliarium,
1074 2489 1111 2548 ut
1139 2490 1208 2548 erat
1234 2485 1321 2549 nudo

127 2612 159 2652 sc
172 2591 253 2675 pede
282 2595 379 2674 atque
408 2590 585 2672 tunicatus,
602 2590 786 2674 paenulam
814 2590 952 2654 obsoleti
976 2591 1092 2656 coloris
1120 2593 1322 2675 superinduit

173 2697 390 2781 adopertoque
413 2699 517 2780 capite
541 2702 572 2761 et
595 2703 669 2761 ante
691 2697 807 2761 faciem
831 2701 963 2782 optento
987 2699 1115 2763 sudario
1134 2722 1252 2783 equum
1276 2701 1322 2762 in-

174 2805 297 2868 scendit
320 2808 473 2887 quattuor
491 2804 568 2868 solis
589 2804 826 2887 comitantibus,
849 2807 932 2869 inter
952 2827 1033 2889 quos
1052 2810 1085 2868 et
1103 2804 1225 2889 Sporus
1245 2809 1321 2869 erat.

108 2975 115 2990 ,
170 2913 347 2994 statimque
369 2915 509 2976 tremore
532 2916 634 2976 terrae
659 2917 690 2974 et
712 2911 841 2996 fulgure
860 2913 994 2975 aduerso
1013 2913 1201 2994 pauefactus
1219 2914 1322 2977 audiit
1341 2922 1360 2970 1

173 3039 191 3081 e
214 3019 370 3099 proximis
394 3018 508 3080 castris
532 3018 703 3082 clamorem
727 3018 868 3081 militum
892 3022 924 3081 et
951 3019 1012 3082 sibi
1036 3018 1170 3083 aduersa
1193 3023 1225 3083 et
1250 3017 1321 3084 Gal-

71 3109 77 3124 *
128 3145 155 3184 aa
170 3124 231 3188 bae
254 3145 408 3207 prospera
431 3125 659 3207 ominentium,
689 3124 787 3188 etiam
816 3147 855 3187 ex
883 3124 989 3188 obuiis
1017 3126 1197 3190 uiatoribus
1226 3145 1323 3208 quen·-

172 3231 246 3294 dam
265 3231 436 3295 dicentem:
454 3231 494 3295 hi
513 3230 703 3295 Neronem
722 3235 1021 3315 persequuntur,
1040 3232 1139 3295 alium
1159 3233 1322 3296 sciscitan-

245 3411 279 3458 13
297 3405 375 3474 Epit.
392 3410 448 3473 5‚7
471 3423 535 3459 cum
559 3422 626 3460 sane
645 3406 723 3474 prius
747 3407 824 3460 nullo
848 3410 973 3475 reperto,
998 3423 1088 3476 aquo
1107 3407 1250 3473 teriretur,
1276 3408 1321 3464 ex}

173 3484 322 3540 clamaret:
339 3485 428 3540 ‘itane
443 3502 494 3540 nec
510 3485 631 3539 amicum
645 3486 737 3540 habeo
752 3504 804 3542 nec
817 3487 993 3542 inimicumt’
1009 3489 1044 3554 cf.
1061 3489 1153 3542 Victor
1164 3489 1238 3543 Ocea.
1250 3492 1324 3553 5,1e

174 3563 300 3620 desertus
315 3563 440 3635 undique
456 3607 497 3620 ...
514 3583 577 3619 cum
590 3567 745 3635 implorans
759 3583 952 3636 percussorem
966 3568 1015 3621 diu
1029 3569 1112 3621 need
1127 3570 1246 3622 mortem
1260 3567 1322 3635 qui-

174 3643 238 3698 dem
256 3645 405 3699 meruisset
422 3645 553 3700 officimn.
638 3653 669 3700 17
689 3647 809 3716 Eutrop.
826 3649 967 3716 V1115,1
987 3664 1002 3702 e
1020 3647 1132 3701 Palatio
1151 3647 1226 3718 fugit
1245 3650 1274 3701 et
1292 3648 1323 3706 in

173 3724 335 3780 suburbano
359 3742 389 3779 se
411 3725 507 3779 liberti
531 3727 588 3794 sui,
612 3727 688 3794 quod
711 3727 785 3780 inter
808 3727 948 3781 Salariam
972 3731 1001 3781 et
1019 3727 1227 3782 Nomentanam
1245 3727 1323 3780 uiam

173 3805 212 3858 ad
237 3808 369 3874 quartum
391 3805 469 3859 urbis
493 3806 646 3860 miliarium
674 3809 729 3873 est,
753 3807 897 3862 interfecit
923 3810 969 3876 (cf.
989 3809 1069 3863 Hier.
1088 3809 1181 3863 chron.
1201 3827 1226 3862 a.
1246 3812 1322 3861 2084

175 3886 250 3940 Oros.
267 3886 329 3940 VII
340 3890 420 3957 7,13)
476 3893 509 3939 11
525 3889 602 3955 Epit.
619 3891 673 3952 5,7
692 3887 818 3942 desertus
832 3888 957 3956 undique
972 3888 1063 3942 noctis
1079 3887 1173 3942 medio
1192 3903 1323 3956 egressus

172 3965 271 4019 urbem
285 3967 467 4035 sequentibus
481 3967 603 4033 Phaone,
618 3967 812 4038 Epaphrodito
822 3967 1029 4037 Neophytoque
1044 3971 1072 4021 et
1087 3968 1211 4038 spadone
1224 3967 1319 4037 Spem.

246 4129 461 4195 lpeccatorum
475 4134 538 4195 post
555 4128 771 4197 praeteritorum
789 4128 896 4182 oddT
970 4128 1025 4182 nisi
1045 4129 1097 4199 HQ
1173 4130 1252 4182 test
1270 4144 1320 4180 eor.

174 4206 241 4276 11¹0
313 4206 374 4260 tin
388 4211 478 4262 om.X
489 4210 557 4276 (noa
569 4210 604 4276 Τ)
670 4207 795 4262 fidelata
808 4208 852 4262 ΤΒ
922 4207 1148 4278 8prosiliitS¹T
1216 4207 1322 4260 circum

173 4286 255 4358 (ad)
270 4288 386 4358 Bentley
405 4287 493 4357 (misit
511 4288 560 4355 qui
578 4288 700 4342 citarent
713 4289 797 4357 a.·N)
871 4295 903 4343 11
924 4288 1092 4358 defugerent
1106 4289 1134 4355 S,
1152 4287 1284 4356 fugerant
1295 4287 1321 4340 G

175 4371 208 4419 14
226 4367 376 4434 requisiuit
396 4368 487 4433 Gru,
505 4367 636 4436 inquisiit
652 4369 678 4421 T
764 4369 842 4439 ergo]
862 4385 914 4438 ego
931 4369 957 4422 G
1047 4374 1079 4421 11
1100 4369 1217 4423 obtento
1232 4367 1286 4436 HQ

174 4445 303 4502 ascendit
316 4447 448 4502 HRL¹N
463 4449 507 4516 (cf.
523 4449 578 4502 Iul.
594 4453 628 4503 61
652 4450 703 4504 Tit.
718 4452 745 4518 4)
800 4448 1121 4515 circumuentum
1135 4450 1169 4504 N
1221 4453 1254 4502 13
1272 4463 1321 4500 au-

173 4526 247 4580 diuit
261 4526 310 4582 M’
381 4533 416 4582 16
434 4527 476 4581 hii
495 4528 603 4598 Maso
674 4532 856 4597 persecuntur
872 4529 1033 4586 GHRLST
