3108 5102
283 365 349 430 300
632 366 659 420 c.
681 365 838 419 svsroru
855 365 1078 431 marronam
1522 352 1523 424 l

282 504 429 613 neglecto
453 527 589 593 Alliensi
612 528 663 592 die
686 529 909 612 pontificatum
934 530 1110 593 marimum
1128 530 1222 613 cepit,
1246 529 1382 593 comitia
1401 531 1432 592 in
1522 493 1523 540 l

284 637 392 702 decem
415 657 516 700 annos
539 635 702 700 ordinauit
725 656 821 718 seque
844 639 1035 719 perpetuum
1055 635 1228 700 consulem.
1271 640 1363 700 etue
1383 637 1431 700 cui

284 742 418 808 dubium
441 743 532 824 foret,
556 741 643 826 quod
665 744 829 826 exemplar
851 743 1008 827 regendae
1031 743 1077 807 rei
1100 766 1130 827 p.
1154 743 1297 828 eligeret,
1328 743 1432 808 medio

283 849 401 914 Martio
424 870 538 932 campo
562 849 707 914 adhibita
729 849 931 932 publicorum
958 849 1158 938 sacerdotum
1181 849 1366 934 frequentia
1389 851 1433 913 iu·

283 958 380 1022 ferias
395 956 518 1020 Neroni
534 955 621 1020 dedit
635 977 671 1019 ac
685 955 833 1019 sollemni
848 955 999 1020 conuiuio
1014 954 1234 1020 citharoedum
1253 958 1432 1040 placentem
1457 980 1469 1019 s

283 1065 390 1148 palam
414 1062 594 1146 admonuit,
622 1066 659 1126 ut
682 1061 830 1143 aliquid
853 1065 889 1126 et
912 1061 955 1126 de
979 1062 1172 1127 dominico
1196 1061 1356 1146 diceret,
1390 1063 1433 1126 in-

285 1169 478 1254 cohantique
505 1168 690 1234 Neroniana
716 1169 841 1232 cantica
864 1169 988 1252 primus
1012 1168 1159 1232 exultans
1182 1170 1281 1234 etiarn
1304 1170 1432 1252 plausit.

232 1275 407 1340 l2talibus
426 1275 594 1360 principiis
613 1297 761 1360 magnam
783 1276 910 1358 imperii
928 1279 1054 1359 partem
1076 1296 1143 1339 nou
1160 1276 1224 1338 nisi
1248 1278 1385 1340 consilio
1404 1282 1434 1340 et

285 1384 420 1447 arbitrio
449 1383 599 1448 uilissimi
627 1383 782 1466 cuiusque
810 1382 1003 1446 histrionum
1033 1386 1066 1445 et
1094 1382 1277 1468 aurigarum
1301 1383 1435 1448 admini-

285 1491 401 1555 strauit
420 1493 453 1554 et
471 1491 610 1554 maxime
628 1490 762 1553 Asiatici
781 1488 899 1552 liberti.
923 1488 1009 1552 hunc
1027 1488 1301 1553 adulescentulum
1322 1495 1469 1554 mutuare

284 1596 418 1662 libidine
450 1601 711 1680 constupratum,
743 1618 820 1660 mox
852 1595 957 1660 taedio
986 1595 1161 1681 profugum
1190 1617 1264 1659 cum
1292 1596 1434 1661 Puteolis

284 1725 412 1787 poscam
438 1704 627 1768 uendentem
651 1703 915 1787 reprehendisset,
938 1703 1052 1767 coiecit
1071 1703 1105 1766 in
1124 1703 1294 1785 compedes
1313 1704 1435 1767 statim-

286 1832 347 1893 que
383 1810 481 1875 soluit
520 1815 551 1874 et
581 1832 692 1874 rursus
722 1812 756 1873 in
786 1809 909 1873 deliciis
939 1808 1067 1893 habuit,
1102 1810 1217 1873 iterum
1250 1809 1364 1874 deinde
1396 1811 1434 1874 ob

284 1917 417 1981 nimiam
450 1918 684 1983 contumaciam
722 1921 753 1980 et
782 1917 986 1980 furacitatem
1016 1920 1169 2000 grauatus
1200 1917 1433 1981 circumforano

284 2024 420 2088 lanistae
450 2023 594 2088 uendidit
624 2024 822 2106 dilatumque
854 2023 1012 2087 adfinem
1041 2023 1181 2086 muneris
1206 2027 1339 2105 repente
1364 2023 1433 2087 sub·
1447 2044 1467 2083 1⁵

285 2131 386 2214 ripuit
418 2135 449 2194 et
477 2132 645 2214 prouincia
672 2130 800 2194 demum
823 2135 954 2213 accepta
976 2130 1166 2193 manumisit
1190 2151 1226 2192 ac
1248 2130 1356 2212 primo
1380 2131 1433 2193 im-

285 2237 366 2321 perii
394 2237 445 2302 die
473 2238 577 2300 aureis
606 2235 739 2299 donauit
768 2234 872 2298 anulis
901 2256 997 2318 super
1024 2256 1144 2317 cenam,
1172 2257 1246 2300 cum
1270 2257 1365 2299 mane
1389 2257 1433 2299 ro·
1524 2239 1525 2248 ’

285 2344 436 2429 gentibus
473 2365 530 2427 pro
562 2364 599 2406 eo
630 2341 960 2407 cunctis·detestatus
992 2346 1075 2406 esset
1105 2341 1307 2406 seuerissima
1339 2345 1432 2407 talem

286 2452 442 2533 equestris
467 2450 587 2513 ordinis
611 2448 779 2512 maculam.

233 2551 276 2620 13
379 2553 440 2618 Sed
473 2556 525 2619 uel
553 2555 722 2638 praecipue
750 2554 895 2618 luxuriae
924 2556 1138 2638 saeuitiaeque
1166 2555 1293 2619 deditus
1324 2556 1431 2640 epulas
1446 2577 1469 2615 rc

286 2662 444 2725 trifariam
469 2683 600 2744 semper,
624 2662 783 2725 interdurn
809 2660 1037 2744 quadrifariam
1062 2659 1282 2744 dispertiebat,
1314 2663 1349 2726 in
1372 2664 1432 2726 ian-

286 2769 393 2832 tacula
421 2771 452 2832 et
481 2767 615 2851 prandia
643 2773 674 2832 et
702 2790 795 2832 cenas
824 2766 1124 2851 comisationesque,
1162 2767 1255 2832 facile
1286 2771 1432 2834 omnibus

287 2876 450 2940 sufficiens
473 2875 652 2938 uomitandi
677 2874 915 2938 consuetudine.
962 2873 1123 2938 indicebat
1145 2878 1253 2939 autem
1273 2876 1362 2940 aliud
1381 2875 1432 2939 alii
1525 2863 1526 2912 1

287 2982 394 3047 cadem
416 2981 476 3065 die,
499 3002 557 3045 nec
577 2984 726 3065 cuiquam
748 2983 854 3046 minus
874 2982 994 3066 singuli
1013 2986 1186 3065 apparatus
1206 2981 1431 3069 quadringenis

252 3089 420 3153 amilibus
455 3110 622 3152 nummum
662 3090 884 3152 constiterunt.
939 3087 1155 3152 famosissima
1187 3110 1283 3172 super
1316 3093 1468 3154 ceterasrs

358 3254 373 3300 2
396 3264 456 3316 sqq.
483 3246 780 3314 Eutrop.,VI118,4
806 3263 870 3298 cum
895 3244 1000 3298 Neroni
1024 3244 1123 3298 similis
1147 3262 1207 3300 esse
1235 3245 1324 3302 uellet
1352 3251 1433 3316 atque

285 3327 316 3381 id
342 3328 413 3380 adeo
439 3342 506 3396 prae
536 3343 565 3379 se
591 3326 688 3391 ferret,
714 3328 746 3378 ut
772 3324 858 3378 etiam
889 3324 1020 3393 exequias
1048 3324 1167 3380 Neronis
1190 3367 1196 3380 .
1219 3367 1225 3380 .
1248 3326 1432 3381 ‚honoraret

286 3406 630 3475 20Eutrop.V1118,2
655 3405 736 3474 graui
762 3405 882 3458 saeuitia
908 3403 1055 3473 notabilis,
1080 3405 1230 3475 praecipue
1255 3405 1385 3476 ingluuie
1408 3409 1434 3460 et

285 3486 450 3553 uoracitate,
470 3486 575 3554 quippe
594 3503 658 3538 cum
672 3485 707 3538 de
722 3484 768 3538 dic
782 3501 865 3554 saepe
879 3487 980 3552 quarto
999 3485 1047 3540 uel
1061 3485 1160 3554 quinto
1174 3485 1282 3540 feratur
1296 3487 1432 3556 epulatus.

289 3566 363 3622 Oros.
383 3566 446 3620 VII
459 3571 486 3631 8,
502 3570 519 3618 7
536 3565 763 3620 incredibili...
783 3565 948 3619 uoracitatis
972 3567 1108 3635 appetitu.
1141 3568 1175 3632 ef.
1196 3565 1311 3635 Lampr.
1327 3567 1434 3638 Heliop.

285 3651 331 3712 24,
346 3650 363 3698 3
436 3652 469 3698 25
489 3647 607 3714 Eutrop.
628 3647 690 3700 VII
696 3650 746 3710 18,
761 3650 778 3698 3
796 3645 943 3698 notissima
958 3648 1033 3699 certe
1052 3663 1121 3700 cena
1137 3645 1288 3700 memoriae
1302 3647 1435 3700 mandata

287 3729 342 3788 est,
366 3743 451 3794 quam
469 3727 495 3779 ei
513 3725 645 3780 Vitellius
664 3725 751 3779 frater
769 3724 910 3792 exhibuit,
929 3725 958 3780 in
977 3743 1033 3793 qua
1055 3742 1138 3796 super
1156 3727 1262 3780 ceteros
1282 3727 1338 3781 duo
1357 3728 1436 3781 milia

286 3805 414 3876 piscium,
434 3808 542 3875 septem
561 3806 656 3858 auium
675 3806 804 3873 adposita
823 3807 981 3860 traduntur.

164 3997 172 4020 ,
357 3945 373 3990 5
393 3939 438 4009 ac]
454 3954 487 3992 ac
500 3955 535 3992 ne
552 3941 589 3994 M
645 3944 660 3992 6
681 3939 709 3993 et
723 3956 773 3994 cnr.
789 3939 864 4010 M¹Q
878 3943 918 4009 (iu
933 3943 970 3994 M
977 3941 1118 4008 praecedit
1135 3939 1256 4010 aliquit),
1275 3941 1362 3995 etiam
1382 3941 1435 4014 (ec-

207 4069 216 4089 ,
265 4021 312 4085 d)
331 4018 378 4071 Ne
445 4018 480 4071 de
494 4019 588 4073 ooaG
652 4017 791 4072 dominico
809 4020 906 4085 Mur,
925 4020 1042 4074 domitio
1058 4021 1122 4087 XN,
1140 4021 1253 4075 domino
1268 4021 1371 4091 (dinco)
1387 4022 1434 4088 11¹,

287 4096 435 4152 dominicis
450 4099 564 4165 Hotatee
623 4105 656 4153 12
671 4115 787 4168 puscam
805 4103 829 4152 Τ
893 4105 925 4153 13
941 4099 1026 4153 soluit
1044 4101 1084 4154 ed.
1100 4101 1190 4155 Basil.
1205 4118 1231 4154 a.
1247 4105 1328 4166 1533,
1348 4101 1435 4155 coluit

286 4180 321 4244 Ω,
341 4177 568 4248 ex(s)01uit0ud.
649 4179 752 4232 iterum
767 4180 860 4233 oruG
943 4186 976 4233 14
994 4179 1172 4234 ferocitatem
1186 4185 1215 4234 X
1230 4183 1270 4250 (at
1289 4180 1381 4236 furce-
1400 4181 1432 4246 L,

285 4273 305 4310 u
327 4260 358 4312 in
381 4276 435 4313 rae.
460 4275 494 4312 m.
513 4261 542 4328 2)
566 4265 592 4313 et
613 4259 668 4325 tere
690 4259 749 4312 edd.
875 4258 1095 4314 circumforaneo
1119 4276 1135 4319 ς
1159 4265 1184 4313 et
1206 4262 1282 4332 culp.
1302 4267 1367 4329 poet
1384 4261 1433 4317 Su-

287 4338 411 4393 betlc'cum
492 4344 524 4393 15
544 4338 725 4407 delatumque
743 4342 768 4390 Τ
853 4345 885 4393 16
903 4355 989 4393 manu
1008 4339 1102 4392 emisit
1118 4339 1144 4393 G
1229 4345 1261 4393 21
1282 4340 1312 4393 in
1331 4357 1380 4396 om.
1401 4344 1431 4406 X,

286 4433 353 4470 corr.
371 4417 410 4469 L·
510 4418 653 4472 iantacula
672 4419 761 4489 MGQ
780 4417 806 4489 (t
824 4419 974 4488 gentacula
990 4419 1016 4473 G
1034 4420 1065 4472 iu
1083 4437 1170 4490 marg.
1189 4438 1222 4473 m.
1239 4422 1274 4489 1),
1293 4420 1430 4475 ientacula

287 4499 364 4566 (gen-
380 4498 447 4558 HP)
466 4499 512 4551 rel.
533 4500 575 4566 (de
593 4497 844 4568 L1uouconetar)‚
864 4500 898 4566 et.
920 4500 1007 4554 Vtar
1080 4504 1113 4552 24
1132 4499 1248 4554 minoris
1269 4499 1386 4556 Ursinus
