3142 5112
499 347 566 400 DIV
571 345 611 400 VS
631 345 822 400 AVGVSTVS
841 358 1011 408 roura-1⁶]
1271 347 1313 412 57

167 515 288 574 meatus
317 509 498 594 famemque
521 511 810 596 ingrauescentem,
839 510 940 575 donec
962 510 1101 575 nauibus
1124 533 1163 574 ex
1187 512 1314 596 integro

167 617 331 682 fabricatis
345 639 383 680 ac
397 617 515 703 uiginti
534 637 701 681 seruorum
718 615 849 680 milibus
868 617 1071 682 manumissis
1091 621 1122 681 et
1137 618 1178 681 ad
1191 637 1314 681 remum

168 724 248 788 datis
280 728 411 807 portum
444 721 563 788 Iulium
598 724 684 806 apud
715 721 811 788 Baias
844 723 977 789 inmisso
1011 726 1044 788 in
1076 724 1250 789 Lucrinum
1283 729 1315 788 et

168 829 330 894 Auernum
354 831 459 894 lacum
483 829 563 894 mari
587 829 701 894 effecit.
744 829 777 893 in
801 853 865 913 quo
890 852 962 894 cum
986 831 1090 896 hieme
1113 835 1184 895 tota
1207 830 1315 914 copias

144 937 368 1022 sexercuisset,
391 935 580 1021 Pompeium
609 937 694 1000 inter
715 935 821 1020 Mylas
849 941 880 1000 et
908 934 1114 1002 Naulochum
1142 937 1316 1020 superauit,

169 1044 225 1107 sub
249 1045 362 1107 horam
385 1065 512 1128 pugnae
536 1047 603 1106 tam
627 1047 698 1107 arto
722 1047 852 1126 repente
876 1065 989 1108 somno
1013 1043 1192 1127 deuinctus,
1215 1047 1252 1108 ut
1275 1043 1315 1107 ad

169 1151 305 1214 dandum
329 1149 457 1235 signum
486 1148 526 1213 ab
555 1150 665 1214 amieis
694 1151 897 1214 excitaretur.
940 1148 1024 1214 unde
1046 1149 1225 1234 praebitam
1250 1147 1350 1214 Ans

168 1255 256 1321 tonio
279 1257 447 1320 materiam
470 1259 581 1340 putem
602 1255 830 1340 exprobrandi:
852 1277 899 1320 ne
922 1258 1039 1321 rectis
1058 1257 1210 1340 quidem
1230 1276 1316 1320 ocu·

168 1363 216 1426 lis
244 1386 324 1427 eum
353 1364 526 1446 aspicere
554 1363 729 1446 potuisse
760 1362 993 1428 instructam
1021 1363 1153 1446 aciem,
1185 1385 1315 1427 uerum

133 1470 360 1554 resupinum,
388 1470 534 1534 caelum
563 1469 795 1552 intuentem,
824 1469 1018 1554 stupidum
1047 1469 1225 1536 cubuisse
1248 1490 1315 1534 nee

169 1576 272 1659 prius
296 1577 513 1640 surrexisse
541 1596 583 1639 ac
606 1575 802 1640 militibus
830 1577 1141 1661 inconspectum
1164 1575 1315 1640 uenisse

170 1705 274 1766 qnam
303 1707 321 1746 a
345 1680 388 1746 Μ.
406 1682 580 1768 Agrippa
607 1682 765 1768 fugatae
793 1682 871 1748 sint
898 1681 1069 1748 hostium
1094 1705 1218 1748 naues.
1260 1683 1315 1746 alii

103 1847 105 1850 ,
170 1789 286 1854 dictum
306 1789 491 1872 factumque
511 1789 580 1853 eius
599 1789 820 1873 criminantur,
839 1791 931 1872 quasi
949 1789 1105 1855 classibus
1124 1793 1315 1873 tempestate

170 1896 301 1978 perditis
320 1897 548 1961 exclamauerit
567 1895 682 1960 etiam
707 1895 833 1960 inuito
852 1894 1033 1980 Neptuno
1052 1897 1259 1960 uictoriam
1278 1918 1315 1960 se

134 2028 157 2066 15
171 2002 404 2086 adepturum,
442 2024 479 2068 ac
512 2001 562 2066 die
595 2003 785 2066 circensium
818 2004 965 2086 proximo
998 2003 1146 2068 sollemni
1178 2024 1316 2088 pompae

170 2107 372 2174 simulacrum
396 2109 446 2174 dei
470 2109 653 2173 detraxerit.
689 2131 749 2174 nec
767 2113 887 2174 temere
911 2109 1004 2195 plura
1028 2131 1065 2174 ao
1088 2111 1211 2173 maiora
1234 2109 1316 2192 peri-
1336 2124 1351 2172 3

171 2216 235 2279 cula
259 2217 327 2280 ullo
352 2216 416 2280 alio
440 2215 526 2280 bello
551 2215 638 2280 adiit.
681 2217 816 2281 traiecto
839 2217 873 2280 in
898 2216 1039 2281 Siciliam
1063 2215 1220 2299 exercitu,
1244 2236 1314 2279 oum

169 2325 288 2403 partem
313 2323 471 2406 reliquam
495 2323 660 2407 copiarum
685 2322 864 2387 continenti
888 2327 1057 2408 repeteret,
1081 2345 1253 2408 oppressus
1277 2345 1316 2386 ex

169 2428 330 2512 inprouiso
354 2453 374 2493 a
392 2429 591 2494 Demochare
611 2435 642 2492 et
661 2429 889 2513 Apollophane
908 2431 1081 2513 praefectis
1099 2429 1233 2514 Pompei
1251 2452 1316 2494 uno

135 2559 158 2598 ro
170 2535 292 2600 demum
316 2536 447 2621 nauigio
466 2537 642 2623 aegerrime
662 2536 784 2622 effugit.
820 2537 939 2601 iterum
959 2559 1030 2601 curn
1050 2542 1178 2621 praeter
1196 2537 1316 2602 Locros

63 2702 67 2710 .
169 2639 303 2728 Regium
326 2641 462 2726 pedibus
487 2643 548 2706 iret
572 2648 605 2706 et
627 2643 809 2726 prospectis
828 2642 1005 2708 biremibus
1026 2643 1231 2728 Pompeianis
1255 2648 1316 2708 ter·

169 2770 232 2812 ram
260 2748 445 2835 legentibus
474 2771 548 2813 sues
581 2753 670 2813 ratus
701 2748 916 2813 descendisset
948 2750 988 2814 ad
1017 2750 1108 2834 litus,
1136 2772 1237 2834 paene
1265 2771 1316 2814 ex-

170 2860 278 2939 ceptus
301 2861 359 2920 est.
401 2859 478 2920 tuno
501 2858 598 2920 etiam
622 2877 680 2939 per
703 2856 814 2920 deuios
842 2856 989 2920 tramites
1017 2857 1230 2942 refugientem
1254 2878 1318 2920 ser·

170 2983 225 3025 nus
252 2961 373 3026 Aemili
400 2961 493 3026 Pauli
521 2963 649 3027 comitis
679 2963 761 3043 eius,
790 2961 900 3027 dolens
927 2965 1145 3047 proscriptum
1174 2962 1252 3026 olim
1276 2962 1316 3025 ab

136 3091 158 3130 a
171 3089 204 3132 eo
227 3073 353 3153 patrem
380 3067 517 3132 Paulum
545 3073 578 3133 et
606 3069 697 3152 quasi
724 3069 890 3134 occasione
914 3070 1047 3134 ultionis
1071 3069 1192 3153 oblata,
1220 3069 1316 3132 inter-

171 3175 259 3239 ficere
283 3180 418 3240 conatos
442 3180 499 3240 est.

254 3280 334 3346 Post
366 3281 499 3366 Pompei
530 3282 642 3367 fugam
680 3283 876 3368 collegarum
914 3283 1049 3347 alterum
1082 3283 1125 3347 M.
1148 3282 1351 3366 Lepidum,4

171 3409 261 3470 quem
290 3411 329 3452 ex
352 3387 462 3453 Africa
491 3389 525 3452 in
553 3389 708 3453 auxilium
738 3396 900 3472 auocaret,
931 3389 1169 3474 superbientem
1196 3389 1316 3473 uiginti

238 3579 337 3640 ttsqq.
357 3575 392 3640 cf.
414 3575 489 3628 Oros.
511 3575 671 3639 V11s,2s
695 3574 790 3641 ibique
814 3576 855 3642 (in
874 3575 982 3642 Sicilia)
1002 3574 1140 3642 Lepidum
1164 3590 1197 3627 ex
1220 3573 1316 3626 Africa

172 3652 368 3707 aduentantem
396 3653 512 3707 obuium
539 3654 653 3718 habuit,
682 3670 805 3706 summas
834 3654 889 3706 sibi
917 3657 1011 3723 partes
1034 3655 1152 3720 terrore,
1175 3652 1259 3705 minis
1284 3669 1316 3705 ao

171 3733 298 3801 snperbia
316 3733 517 3788 uindicantem.
561 3737 605 3789 VI
621 3740 665 3798 18,
681 3739 717 3787 30
735 3733 858 3802 Lepidus
877 3750 980 3802 magna
994 3731 1098 3801 uiginti
1112 3732 1256 3802 legionum
1275 3732 1316 3784 in-

172 3812 286 3867 solentia
304 3816 415 3868 tumens
458 3815 501 3869 VI
517 3819 567 3880 18,
582 3819 618 3867 32
642 3813 764 3881 Lepidus
837 3813 956 3882 supplex
979 3813 1091 3866 Caesari
1114 3811 1207 3866 factus
1226 3813 1316 3865 uitam

171 3894 198 3944 et
215 3893 288 3946 bona
307 3894 480 3963 impetrauit,
500 3897 636 3964 perpetuo
656 3894 770 3961 quidem
790 3895 955 3948 amandatus
975 3894 1066 3947 exilio.

238 4078 253 4124 ὁ
272 4072 356 4126 milas
371 4071 437 4141 (ias
452 4072 531 4140 P1T)
549 4074 648 4138 GX'Y,
667 4058 781 4139 tmopyl
794 4072 877 4124 milas
894 4075 936 4136 M,
955 4071 1060 4125 milites
1075 4074 1092 4124 d
1147 4077 1162 4123 6
1177 4070 1246 4124 hora
1261 4072 1286 4124 T

172 4154 261 4204 etam
280 4154 341 4206 arto
354 4155 396 4218 M,
416 4154 553 4206 etamarte
566 4153 591 4204 G
611 4153 709 4220 (etiam
723 4169 818 4220 pugne
834 4154 895 4204 arto
910 4155 937 4221 ὃ)
993 4153 1121 4204 deuictus
1136 4149 1203 4203 X'n‘
1257 4157 1270 4203 'l
1291 4151 1317 4203 ei

169 4238 227 4295 poet
243 4232 318 4285 unde
337 4233 401 4286 odd.
417 4231 492 4286 PST
508 4234 548 4300 (ic
563 4234 590 4286 P
608 4234 691 4285 cerba
710 4235 742 4284 ut
762 4232 798 4284 ad
818 4231 942 4284 dandum
960 4250 1043 4300 usquo
1058 4231 1180 4285 Antonio
1195 4233 1226 4284 ire
1245 4250 1317 4285 orror·-

171 4311 230 4377 9inc
244 4313 343 4366 addito
355 4315 430 4381 sort)
501 4318 534 4365 10
554 4313 724 4380 stupendum
741 4314 766 4364 V
832 4318 863 4364 11
884 4312 970 4365 fuisse
981 4313 1081 4366 LP¹Sl
1151 4317 1183 4364 16
1203 4311 1317 4364 deinde-

172 4390 285 4444 traxerit
295 4395 333 4446 M
338 4392 376 4458 G,
396 4392 441 4445 die
458 4393 610 4445 detraxerit
627 4394 652 4444 V
668 4392 724 4461 (dei
741 4394 770 4443 in
782 4393 808 4445 R
821 4395 867 4460 ss)
941 4397 973 4444 18
990 4392 1047 4463 <e>
1064 4391 1219 4445 continenti
1231 4393 1318 4445 Potol·

174 4473 203 4520 25
222 4471 340 4525 Paulum
359 4472 409 4527 del.
424 4473 512 4526 Petale
532 4474 619 4543 lepores
638 4480 720 4525 antea
739 4472 860 4524 dolentis
