3136 5100
299 410 364 474 222
651 409 678 463 C.
700 408 856 462 SVETONI
875 408 1096 473 TRANQVILLI

299 576 391 636 tanta
413 572 567 636 facilitate
591 572 827 656 animaduertit,
851 577 901 655 ut,
925 594 997 635 cum
1021 573 1060 636 de
1084 594 1159 636 nece
1183 573 1362 637 consularis
1385 573 1443 637 uiri

298 679 503 744 renuntiante
528 679 713 742 centurione
736 678 859 743 facturn
883 700 952 742 esse
976 680 1062 762 quod
1085 679 1290 763 imperasset,
1312 681 1443 764 negaret

299 786 471 869 quicquam
495 807 528 848 se
551 785 735 869 imperasse,
757 784 861 848 nihilo
888 785 993 848 minus
1017 808 1085 849 rem
1107 785 1342 870 comprobaret,
1362 785 1442 848 affir-

297 891 461 955 mantibus
488 892 615 955 libertis
645 891 751 955 officio
781 891 901 956 milites
931 892 1072 975 functos,
1106 893 1192 976 quod
1220 892 1261 955 ad
1288 892 1442 955 ultionem

261 1015 276 1061 3
296 999 500 1082 imperatoris
518 997 605 1062 ultro
625 998 910 1082 procucurrissent.
934 1021 1009 1062 nam
1029 998 1109 1061 illud
1129 1020 1257 1062 onmem
1276 998 1374 1061 fidem
1393 1020 1440 1060 ex·
1465 1021 1475 1061 a

296 1106 428 1169 cesserit
447 1105 534 1189 quod
553 1105 685 1188 nuptiis,
709 1125 788 1187 quas
808 1104 982 1169 Messalina
1002 1127 1073 1169 cum
1099 1105 1245 1169 adultero
1266 1103 1347 1169 Silio
1366 1104 1441 1168 fece-

295 1216 357 1296 rat,
386 1212 522 1275 tabellas
546 1212 631 1275 dotis
660 1215 692 1274 et
719 1213 788 1294 ipse
817 1211 1070 1296 consignauerit,
1099 1211 1264 1293 inductus,
1289 1212 1383 1295 quasi
1406 1211 1441 1272 de

294 1318 454 1381 industria
478 1318 709 1381 simularentur
733 1318 772 1380 ad
791 1318 1002 1381 auertendum
1021 1318 1343 1401 transferendumque
1362 1317 1440 1401 peri-

294 1424 411 1506 culum,
432 1424 517 1506 quod
538 1424 705 1488 imminere
724 1424 786 1507 ipsi
804 1446 862 1507 per
876 1423 1031 1508 quaedam
1048 1429 1175 1488 ostenta
1188 1424 1440 1508 portenderetur.

240 1526 286 1591 30
384 1530 572 1594 Auctoritas
603 1530 809 1615 dignitasque
836 1515 959 1594 formae
988 1552 1054 1593 666
1083 1531 1185 1595 defuit
1215 1533 1266 1594 †et
1296 1537 1438 1595 ueterum
1453 1554 1474 1592 n

293 1638 392 1701 stanti
416 1638 469 1700 uel
493 1637 615 1702 sedenti
640 1659 676 1700 66
697 1639 868 1721 praecipue
888 1639 1073 1722 quiescenti,
1092 1660 1167 1701 nam
1186 1643 1218 1700 et
1236 1638 1365 1722 prolixo
1384 1661 1439 1701 nec

292 1743 368 1807 exili
392 1765 526 1826 corpore
552 1749 620 1807 erat
643 1747 674 1806 et
703 1745 807 1826 specie
825 1745 1010 1827 canitieque
1033 1744 1176 1829 pulchra,
1200 1745 1318 1828 opimis
1343 1747 1440 1808 cerui-

292 1850 396 1935 cibus3
425 1854 566 1914 ceterum
595 1854 626 1913 et
656 1851 889 1935 ingredientem
918 1849 1136 1914 destituebant
1163 1851 1303 1934 poplites
1334 1851 1437 1916 minus

291 1958 386 2039 firmi,
408 1961 440 2021 et
459 1959 590 2021 remisse
611 1958 688 2040 quid
707 1956 759 2020 uel
780 1958 862 2020 serio
883 1961 1030 2041 agentem
1049 1958 1152 2021 multa
1171 1957 1437 2022 dehonestabant:

291 2065 374 2127 risus
395 2065 553 2147 indecens,
578 2064 626 2126 ira
644 2065 772 2146 turpior
791 2067 960 2147 spumante
979 2065 1072 2146 rictu,
1091 2064 1276 2129 umentibus
1296 2065 1436 2148 naribus,
1450 2084 1472 2123 6

289 2175 454 2253 praeterea
482 2171 612 2255 linguae
641 2170 816 2233 titubantia
844 2174 1003 2253 caputque
1034 2192 1106 2236 cum
1135 2193 1272 2255 semper,
1306 2175 1376 2234 tum
1405 2173 1437 2235 in

236 2271 279 2337 31
290 2278 583 2360 quantulocumque
607 2280 680 2339 actu
703 2278 757 2340 uel
776 2278 915 2340 maxime
933 2277 1113 2341 tremulum.
1155 2276 1335 2341 ualitudine
1354 2278 1435 2343 sicut

288 2384 366 2446 olim
391 2385 496 2468 graui,
524 2383 569 2445 ita
593 2383 741 2474 princeps
764 2405 918 2466 prospera
941 2405 1018 2446 usus
1043 2389 1092 2446 est
1120 2373 1253 2466 excepto
1278 2383 1434 2449 stomachi

289 2490 412 2574 dolore,
441 2511 504 2572 quo
529 2511 562 2552 se
586 2493 769 2572 correptum
794 2491 889 2552 etiam
914 2489 953 2552 de
977 2491 1200 2572 consciscenda
1223 2493 1328 2554 morte
1352 2492 1434 2575 cogi·

287 2600 373 2658 tasse
397 2595 486 2660 dixit.
1194 2651 1196 2656 .
1335 2589 1336 2594 ’

235 2695 279 2760 32
378 2701 536 2765 Conuiuia
560 2701 696 2784 agitauit
720 2706 752 2765 et
775 2702 881 2785 ampla
904 2707 936 2765 et
960 2702 1088 2765 assidua
1111 2724 1148 2765 66
1166 2702 1233 2766 fere
1252 2705 1433 2786 patentissi-

286 2809 347 2871 mis
371 2808 465 2892 locis,
494 2812 531 2872 ut
553 2807 744 2891 plerumque
768 2809 888 2872 sesceni
918 2808 1014 2872 simul
1039 2808 1283 2874 discumberent.
1326 2810 1432 2873 conui-

284 2918 380 2978 uatus
409 2918 458 2978 est
486 2919 517 2977 61
546 2936 642 2997 super
670 2915 872 2979 emissarium
899 2914 1014 2979 Fucini
1040 2915 1129 2979 lacus
1158 2937 1194 2978 ac
1221 2937 1323 2999 paene
1349 2938 1431 2980 sunr-

285 3043 422 3104 666666,
460 3031 532 3084 cum
567 3021 683 3084 emissa
719 3022 841 3104 impetu
874 3043 957 3104 aqua
989 3023 1206 3087 redundasset.
1258 3022 1430 3087 adhibebat

284 3130 372 3193 omni
396 3150 490 3191 cenae
519 3130 550 3190 61
577 3126 697 3190 liberos
722 3149 797 3191 suos
822 3149 894 3190 cum
917 3129 1026 3210 pueris
1053 3129 1234 3212 puellisque
1257 3129 1466 3212 nobilibuS,u
1545 3183 1546 3194 .

354 3328 370 3374 6
389 3322 424 3386 cf.
436 3322 473 3374 ud
485 3339 513 3388 p.
523 3325 637 3386 219,12.
657 3321 743 3374 senor.
759 3322 823 3374 Inn.
836 3325 878 3386 10,
885 3323 939 3373 330
958 3338 1026 3373 uxor
1045 3320 1156 3374 Claudii
1174 3321 1336 3390 Messalina,
1356 3339 1428 3390 quae

282 3401 351 3455 Gaio
377 3401 444 3454 Silio
468 3401 563 3469 palam
586 3399 694 3468 nupsit,
718 3400 834 3453 inducto
858 3399 944 3454 etiam
970 3400 1098 3467 Claudio,
1121 3405 1154 3453 ut
1178 3402 1291 3473 ad<e0>
1316 3402 1427 3455 tabulas

282 3481 390 3534 dotales
410 3482 579 3549 obsignaret,
601 3481 700 3551 [quod]
720 3481 801 3547 quasi
822 3480 856 3532 (16
871 3480 1009 3533 industria
1029 3481 1227 3534 simularentur
1246 3482 1282 3534 ad
1301 3485 1426 3536 auerten-
1544 3491 1545 3533 l

282 3563 347 3614 dum
367 3561 535 3630 periculum,
560 3560 635 3628 quod
654 3560 799 3613 imminere
818 3559 874 3629 ipsi
892 3577 942 3628 per
961 3561 1099 3627 quaedam
1118 3563 1249 3630 portenta
1267 3563 1426 3616 ostendere-

280 3645 333 3696 tur.
409 3647 509 3708 10sqq.
531 3641 671 3696 Einhord.
687 3644 724 3692 22
749 3640 824 3694 unde
848 3640 953 3694 formae
979 3642 1131 3696 auctoritas
1158 3659 1191 3694 ac
1217 3642 1341 3712 dignitas
1368 3646 1425 3696 tam

280 3722 367 3774 stanti
387 3739 470 3788 quam
490 3721 599 3773 sedenti
618 3719 740 3788 plurima
759 3721 967 3787 adquirebatur.
996 3722 1062 3774 ibid.
1083 3721 1186 3776 canitie
1205 3722 1335 3790 pulchra,
1354 3722 1425 3775 facie

279 3802 354 3856 laeta
370 3845 374 3856 .
388 3844 410 3855 ..
426 3801 584 3854 ualitudine
603 3817 737 3869 prospera
757 3802 800 3869 (cs.
821 3802 939 3869 16145).

352 3979 364 4023 1
386 3989 448 4024 cum
463 3988 513 4023 oni.
530 3987 567 4035 ρς
583 3973 663 4037 (pars
677 3971 747 4036 edd.)
807 3977 822 4021 3
843 3988 906 4022 cum
926 3974 1019 4023 tamen
1036 3977 1099 4037 post
1116 3971 1268 4039 imperasse
1287 3971 1351 4024 add.
1366 3974 1390 4023 Τ

278 4050 468 4119 comprobarit
477 4051 592 4118 Bentley
649 4056 663 4101 6
680 4049 744 4102 61116
755 4049 803 4116 (lo
817 4050 849 4118 Q)
863 4052 918 4115 ΤΤ,
930 4051 974 4102 6111
986 4050 1136 4114 MGLPO,
1151 4050 1234 4103 611661
1250 4054 1283 4118 (et
1292 4068 1325 4104 ss.
1341 4049 1423 4120 le)S

277 4131 491 4183 Ssimularetur
506 4130 585 4197 H¹Qe
653 4129 743 4182 9sibi
760 4131 785 4183 G
855 4135 886 4183 10
906 4133 935 4182 61
953 4133 1079 4183 ueterum
1096 4132 1133 4184 M
1140 4135 1211 4198 (661
1231 4133 1262 4183 in
1280 4147 1334 4185 ras.
1350 4136 1421 4199 (6.1)

279 4211 360 4264 GLP
377 4212 450 4279 (inde
469 4209 508 4275 ei,
527 4227 625 4262 uerum
645 4210 760 4280 Bentley
779 4217 805 4264 et
825 4210 893 4264 Ond.
911 4211 1113 4279 probabiliter),
1132 4209 1180 4262 uel
1202 4213 1347 4281 T(nnlp.)‚
1370 4228 1419 4264 om.

276 4289 390 4354 SOTN,
410 4293 439 4341 et
456 4289 545 4343 ueteri
563 4289 611 4342 uel
629 4290 673 4342 nel
692 4293 720 4342 et
738 4307 835 4343 uerum
858 4291 902 4343 nel
920 4292 1042 4343 ceterum
1062 4307 1091 4358 ς,
1111 4289 1137 4342 61
1155 4289 1201 4343 661
1218 4291 1251 4345 G.
1263 4291 1376 4358 Becker,
1395 4290 1420 4342 ei

276 4369 390 4435 quidem
404 4370 548 4423 uelPolut
617 4376 648 4421 11
669 4369 771 4437 prolixi
787 4371 851 4435 GP,
871 4387 986 4438 procero
1001 4371 1115 4440 Bentley
1189 4377 1221 4423 15
1241 4370 1419 4425 humentibus

277 4450 394 4514 erN,
413 4449 585 4501 tumentibus
601 4450 737 4502 Ruhnken
810 4457 841 4502 22
863 4451 1021 4504 sexcenteni
1037 4456 1119 4517 (sesc-
1130 4451 1167 4520 R>
1179 4452 1267 4517 TNT,
1287 4451 1420 4504 secent-et

274 4548 308 4583 66.
329 4529 470 4582 666661661
487 4530 513 4594 S,
533 4529 664 4596 sexageni
684 4531 799 4596 Lipsius
