3142 5112
239 343 281 406 18
589 343 617 398 c.
637 343 795 398 svaroru
813 343 1035 409 manorum
1150 411 1152 414 ¹

202 509 329 571 cesset.
376 507 410 570 iu
433 506 518 573 circo
549 508 677 592 aurigas
709 526 917 590 cursoresque
947 511 980 570 et
1009 507 1207 572 confectores
1236 501 1389 589 ferarum,

237 616 271 678 st
293 634 536 695 nonnumquam
565 634 604 676 ex
631 613 833 678 nobilissima
859 614 1040 696 iuuentute,
1068 607 1230 696 produxit
1275 613 1331 677 sed
1355 617 1389 677 et

237 718 352 783 Troiae
389 720 494 783 lusum
534 719 634 784 edidit
670 720 928 803 frequentissime
965 720 1124 784 maiorum
1160 719 1388 802 minorumque

237 846 424 910 puerorum,
458 827 557 910 prisci
587 826 758 911 decorique
789 827 888 891 moris
923 827 1110 891 existimans
1141 827 1245 892 clarae
1276 826 1387 909 stirpis

237 931 378 996 indolem
407 933 453 997 sic
480 936 653 998 notescere.
699 935 734 997 in
761 933 824 998 hoc
850 933 973 997 ludicro
1001 931 1147 997 Nonium
1173 933 1387 1018 Asprenatem
1416 961 1431 1001 s

236 1039 330 1121 lapsu
354 1037 557 1103 debilitatum
584 1061 681 1104 aureo
708 1044 824 1124 torque
847 1040 982 1104 donauit
1003 1031 1184 1123 passusque
1208 1044 1257 1104 est
1279 1041 1387 1122 ipsum

237 1149 446 1228 posterosque
470 1145 628 1229 Torquati
650 1148 734 1212 ferre
759 1169 945 1233 cognomen.
991 1168 1067 1211 mox
1090 1147 1188 1212 finem
1211 1147 1289 1211 fecit
1308 1145 1388 1210 talia

237 1250 350 1314 edendi
378 1250 492 1316 Asinio
519 1252 666 1318 Pollione
695 1257 821 1318 oratore
849 1253 991 1339 grauiter
1019 1253 1244 1336 inuidioseque
1271 1254 1305 1316 in
1334 1275 1388 1318 cu·

236 1359 286 1421 ria
309 1362 423 1439 questo
446 1357 659 1442 A<e>sernini
685 1360 813 1443 nepotis
842 1361 892 1424 sui
921 1381 1044 1444 casum,
1073 1360 1130 1442 qui
1157 1363 1191 1423 et
1217 1351 1287 1443 ipse
1313 1379 1387 1424 crus

236 1463 383 1549 fregerat.
1401 1493 1431 1533 ro

203 1585 218 1632 3
326 1568 378 1632 Ad
402 1572 562 1636 scaenicas
586 1594 718 1654 quoque
740 1574 774 1635 et
796 1571 1003 1657 gladiatorias
1027 1593 1141 1655 operas
1165 1574 1198 1635 et
1221 1571 1386 1654 equitibus

236 1674 392 1741 Romanis
416 1677 590 1760 aliquando
613 1700 692 1742 usus
716 1682 772 1760 eat,
794 1700 907 1742 uerum
931 1677 1138 1762 priusquam
1160 1681 1289 1741 senatus
1313 1700 1388 1743 con-

237 1784 322 1847 sulto
353 1783 603 1849 interdiceretur.
653 1788 766 1867 postea
799 1784 883 1848 nihil
913 1805 989 1847 sane
1023 1787 1247 1868 praeterquam
1280 1782 1386 1848 adule-

237 1891 418 1954 scentulum
440 1891 575 1974 Lycium
597 1890 731 1955 honeste
755 1893 866 1954 natum
889 1890 1049 1974 exhibuit,
1072 1885 1197 1954 tantum
1222 1894 1259 1953 ut
1282 1894 1386 1954 osten-

237 1996 337 2080 deret,
368 1998 455 2081 quod
485 2001 553 2061 erat
583 1997 724 2081 bipedali
753 1999 872 2079 minor,
906 1996 1060 2060 librarum
1092 1995 1319 2079 septemdecim
1349 2017 1387 2061 ac
1401 2025 1430 2067 rs

202 2104 326 2168 tuocis
350 2104 533 2168 immensae.
580 2104 720 2186 quodam
744 2108 851 2168 autem
873 2104 1015 2167 muneris
1040 2103 1090 2166 die
1113 2103 1307 2166 Parthorum
1332 2102 1387 2167 ob

238 2210 320 2276 sides
348 2215 426 2275 tunc
452 2211 594 2294 primum
624 2211 741 2274 missos
770 2233 829 2294 per
856 2210 993 2274 medium
1020 2209 1174 2273 harenam
1203 2209 1243 2272 ad
1266 2212 1387 2292 specta·

237 2318 345 2380 culum
368 2317 496 2380 induxit
519 2337 678 2401 superque
702 2339 735 2380 se
757 2316 909 2380 subsellio
930 2315 1068 2380 secundo
1089 2315 1269 2380 collocauit.
1307 2316 1386 2379 sole-

237 2423 294 2486 bat
312 2423 410 2486 etiam
430 2423 509 2487 citra
528 2423 784 2506 spectaculorum
805 2423 882 2508 dies,
901 2425 929 2486 si
945 2422 1072 2506 quando
1088 2423 1166 2506 quid
1184 2422 1386 2486 inuisitatum

238 2530 436 2613 dignumque
466 2530 600 2615 cognitu
630 2530 798 2594 aduectum
827 2533 922 2612 esset,
953 2528 986 2592 id
1016 2533 1115 2593 extra.
1135 2523 1278 2593 ordinem
1307 2551 1386 2611 quo·
1401 2559 1432 2600 ω

236 2636 316 2700 libet
339 2636 410 2700 loco
434 2637 613 2720 publicare,
639 2641 676 2700 ut
699 2635 934 2701 rhinocerotem
958 2635 1043 2720 apud
1067 2633 1194 2718 Saepta,
1216 2635 1329 2721 tigrim
1352 2637 1386 2699 in

238 2763 360 2825 scaena,
385 2764 522 2828 anguem
548 2744 784 2830 quinquaginta
808 2743 991 2808 cubitorum
1013 2763 1073 2826 pro
1097 2741 1239 2806 comitio.

203 2859 218 2907 ὅ
326 2848 455 2915 Accidit
473 2851 594 2914 uotiuis
613 2849 818 2933 circensibus,
836 2853 872 2912 ut
891 2852 1058 2931 correptus
1077 2847 1255 2912 ualitudine
1272 2847 1387 2912 lectica

238 2957 357 3019 cubans
386 2961 492 3020 tensas
520 2957 702 3034 deduceret3
734 2977 846 3020 rursus
875 2956 1100 3020 commissione
1126 2955 1291 3038 ludorum,
1318 2956 1387 3037 qui-

236 3063 297 3126 bus
320 3062 483 3126 theatrum
506 3063 650 3127 Marcelli
675 3062 854 3145 dedicabat,
883 3061 990 3125 euenit
1013 3065 1050 3125 ut
1073 3060 1189 3125 laxatis
1213 3061 1311 3126 sellae
1334 3083 1387 3125 cu·
1401 3091 1433 3132 ,a

236 3171 315 3233 rulis
340 3171 550 3253 compagibus
578 3169 705 3234 caderet
734 3171 877 3252 supinus.
918 3172 1075 3251 nepotum
1104 3189 1231 3252 quoque
1255 3190 1386 3232 suorum

237 3297 369 3339 munere
396 3298 470 3339 cum
499 3279 737 3339 consternatum
766 3277 877 3339 ruinae
902 3278 992 3337 metu
1014 3274 1171 3357 popidum
1193 3276 1331 3339 retinere
1354 3279 1387 3339 et

237 3384 426 3446 confirmare
454 3382 544 3445 nullo
573 3383 668 3445 modo
696 3385 820 3466 posset,
848 3382 977 3446 transiit
1000 3404 1017 3443 e
1040 3380 1112 3444 lc'co
1140 3402 1199 3445 suo
1227 3386 1324 3466 atque
1352 3383 1387 3446 in

239 3511 275 3552 es
298 3493 388 3571 parte
414 3489 566 3570 consedit,
591 3510 672 3571 quae
696 3492 844 3572 suspecta
867 3489 1005 3552 maxime
1029 3491 1104 3552 erat.

183 3586 230 3651 44
326 3592 499 3678 Spectandi
518 3596 778 3658 confusissimum
798 3616 834 3657 ac
854 3595 1086 3658 solutissimum
1105 3615 1227 3658 morem
1248 3596 1386 3660 correxit
1403 3626 1435 3666 ω

309 3830 322 3876 1
340 3839 372 3875 ex
388 3823 510 3889 equestri
521 3829 583 3890 post
597 3823 719 3876 ferarum
736 3823 800 3876 cdd.
814 3823 840 3876 (1¹
914 3828 929 3874 2
941 3824 1024 3890 prius
1033 3825 1062 3876 et
1075 3823 1126 3876 del.
1140 3823 1216 3876 Torr.
1295 3829 1387 3878 tma-

236 3904 326 3956 iorum
346 3920 362 3961 ς
386 3905 409 3970 (e
428 3904 484 3956 cod.
504 3906 687 3957 accestis-simo
707 3905 788 3968 all'ert
809 3904 910 3971 Tora),
932 3918 1098 3972 magnorum
1118 3905 1144 3954 c
1234 3909 1251 3955 4
1274 3902 1387 3956 delectu

233 3991 295 4051 post
313 3999 463 4051 puerorum
487 3984 551 4036 cdd.
572 3983 708 4038 HRP²O
727 3984 824 4052 (culp.)
904 3988 1024 4036 taurea
1043 3983 1105 4036 HR
1176 3981 1271 4050 ipsum
1289 3985 1390 4038 oruM

238 4063 329 4116 talia
350 4064 470 4132 MQRd
498 4070 521 4117 el
544 4064 583 4116 sic
604 4079 655 4130 pro
679 4081 705 4116 c.
731 4065 747 4116 l.
767 4079 800 4116 ss.
821 4062 863 4115 11¹
887 4062 936 4132 (ali
960 4062 1080 4116 aedendi
1100 4064 1150 4127 M)
1223 4067 1239 4116 9
1263 4062 1387 4116 aserniui

236 4144 339 4212 (aserai
361 4144 394 4208 G,
414 4143 546 4196 asermini
565 4144 601 4212 V)
621 4146 660 4208 a,
679 4160 746 4196 corr.
762 4143 917 4197 Beroaldus
990 4148 1024 4196 10
1043 4141 1193 4211 effregerat
1210 4145 1234 4196 Τ
1306 4147 1336 4195 11
1357 4145 1388 4196 et

236 4227 306 4294 (post
324 4227 433 4291 operas)
454 4240 503 4277 orn.
524 4240 540 4282 ς
614 4229 647 4274 14
666 4223 771 4290 lycium
790 4223 854 4292 (lyt-
870 4223 897 4289 S,
919 4223 968 4275 lic·
984 4223 1050 4288 ΠΤ,
1071 4222 1130 4275 luc·
1145 4223 1182 4292 R)
1197 4225 1236 4290 c,
1256 4223 1285 4276 L.
1300 4220 1387 4276 Itium

240 4306 330 4368 Tora,
349 4303 378 4356 L.
393 4303 481 4356 Icium
501 4303 573 4357 Roth
661 4310 693 4356 15
714 4305 757 4373 ac]
778 4305 808 4356 at
823 4303 939 4373 Bentley
1026 4308 1059 4355 19
1078 4301 1258 4356 inuisitatum
1278 4302 1386 4368 MRT,

236 4384 334 4437 inusit-
354 4386 399 4438 rel.
487 4389 520 4436 22
539 4385 602 4454 pro]
623 4384 652 4435 in
669 4383 695 4436 G
781 4389 813 4435 27
834 4401 897 4436 curn
916 4383 1009 4437 ome
1089 4399 1152 4435 curn
1172 4385 1332 4436 construere
1357 4385 1387 4436 et

236 4463 408 4518 coufirimare
429 4465 484 4530 (rel.
504 4465 618 4531 omissis)
639 4461 665 4516 V
735 4469 769 4516 28
789 4480 869 4532 posse
892 4466 928 4518 M
933 4464 959 4517 G
