<?xml version="1.0" encoding="UTF-8"?>
<!DOCTYPE html PUBLIC "-//W3C//DTD XHTML 1.0 Transitional//EN"
    "http://www.w3.org/TR/xhtml1/DTD/xhtml1-transitional.dtd">
<html xmlns="http://www.w3.org/1999/xhtml" xml:lang="en" lang="en">
 <head>
  <title>
</title>
<meta http-equiv="Content-Type" content="text/html;charset=utf-8" />
  <meta name='ocr-system' content='tesseract 3.04.00' />
  <meta name='ocr-capabilities' content='ocr_page ocr_carea ocr_par ocr_line ocrx_word'/>
</head>
<body>
  <div class='ocr_page' id='page_1' title='image "./csuetoniitranqu01suetgoog_0104.png"; bbox 0 0 3142 5112; ppageno 0'>
   <div class='ocr_carea' id='block_1_1' title="bbox 274 337 1070 403">
    <p class='ocr_par' dir='ltr' id='par_1_1' title="bbox 274 337 1070 403">
     <span class='ocr_line' id='line_1_1' title="bbox 274 337 1070 403; baseline -0.013 -3"><span class='ocrx_word' id='word_1_1' title='bbox 274 339 317 402; x_wconf 82' lang='grc'><strong>34</strong></span> <span class='ocrx_word' id='word_1_2' title='bbox 595 351 597 356; x_wconf 89' lang='grc'><strong>“</strong></span> <span class='ocrx_word' id='word_1_3' title='bbox 623 337 651 392; x_wconf 77' lang='lat' dir='ltr'><strong>O.</strong></span> <span class='ocrx_word' id='word_1_4' title='bbox 672 337 830 392; x_wconf 83' lang='lat' dir='ltr'>SVETONI</span> <span class='ocrx_word' id='word_1_5' title='bbox 847 337 1070 403; x_wconf 82' lang='lat' dir='ltr'><em>TRANQVILLI</em></span> 
     </span>
    </p>
   </div>
   <div class='ocr_carea' id='block_1_2' title="bbox 218 500 1473 2505">
    <p class='ocr_par' dir='ltr' id='par_1_2' title="bbox 220 500 1426 692">
     <span class='ocr_line' id='line_1_2' title="bbox 220 500 1426 585; baseline 0.001 -18"><span class='ocrx_word' id='word_1_6' title='bbox 220 501 264 567; x_wconf 74' lang='lat'><strong>67</strong></span> <span class='ocrx_word' id='word_1_7' title='bbox 362 500 489 566; x_wconf 81' lang='lat' dir='ltr'>Delicta</span> <span class='ocrx_word' id='word_1_8' title='bbox 516 523 620 584; x_wconf 90' lang='lat' dir='ltr'><strong>neque</strong></span> <span class='ocrx_word' id='word_1_9' title='bbox 649 501 843 565; x_wconf 90' lang='lat' dir='ltr'><strong>obseruabat</strong></span> <span class='ocrx_word' id='word_1_10' title='bbox 871 501 978 566; x_wconf 84' lang='lat' dir='ltr'><strong>omnia</strong></span> <span class='ocrx_word' id='word_1_11' title='bbox 1010 521 1114 585; x_wconf 92' lang='lat' dir='ltr'><strong>neque</strong></span> <span class='ocrx_word' id='word_1_12' title='bbox 1142 524 1200 585; x_wconf 92' lang='lat' dir='ltr'><strong>pro</strong></span> <span class='ocrx_word' id='word_1_13' title='bbox 1229 503 1325 566; x_wconf 92' lang='lat' dir='ltr'><strong>modo</strong></span> <span class='ocrx_word' id='word_1_14' title='bbox 1354 525 1426 568; x_wconf 77' lang='lat' dir='ltr'><strong>exe</strong></span> 
     </span>
     <span class='ocr_line' id='line_1_3' title="bbox 273 607 1426 692; baseline 0 -20"><span class='ocrx_word' id='word_1_15' title='bbox 273 608 445 692; x_wconf 88' lang='lat' dir='ltr'><strong>quebatur,</strong></span> <span class='ocrx_word' id='word_1_16' title='bbox 478 607 534 672; x_wconf 90' lang='lat' dir='ltr'><strong>sed</strong></span> <span class='ocrx_word' id='word_1_17' title='bbox 566 607 765 672; x_wconf 87' lang='lat' dir='ltr'><strong>desertorum</strong></span> <span class='ocrx_word' id='word_1_18' title='bbox 799 628 836 671; x_wconf 88' lang='lat' dir='ltr'><strong>ac</strong></span> <span class='ocrx_word' id='word_1_19' title='bbox 867 607 1092 672; x_wconf 88' lang='lat' dir='ltr'><strong>seditiosorum</strong></span> <span class='ocrx_word' id='word_1_20' title='bbox 1125 613 1158 673; x_wconf 90' lang='lat' dir='ltr'><strong>et</strong></span> <span class='ocrx_word' id='word_1_21' title='bbox 1187 608 1360 692; x_wconf 74' lang='lat' dir='ltr'><strong>inquisitor</strong></span> <span class='ocrx_word' id='word_1_22' title='bbox 1391 614 1426 672; x_wconf 89' lang='lat' dir='ltr'><strong>et</strong></span> 
     </span>
    </p>

    <p class='ocr_par' dir='ltr' id='par_1_3' title="bbox 223 715 1471 1121">
     <span class='ocr_line' id='line_1_4' title="bbox 223 715 1428 799; baseline 0.001 -21"><span class='ocrx_word' id='word_1_23' title='bbox 223 791 226 797; x_wconf 21' lang='grc' dir='ltr'>ι</span> <span class='ocrx_word' id='word_1_24' title='bbox 272 715 404 798; x_wconf 81' lang='lat' dir='ltr'><strong>punitor</strong></span> <span class='ocrx_word' id='word_1_25' title='bbox 426 715 598 779; x_wconf 86' lang='lat' dir='ltr'><strong>acerrimus</strong></span> <span class='ocrx_word' id='word_1_26' title='bbox 622 715 792 778; x_wconf 81' lang='lat' dir='ltr'><strong>coniuebat</strong></span> <span class='ocrx_word' id='word_1_27' title='bbox 816 715 848 777; x_wconf 91' lang='lat' dir='ltr'><strong>in</strong></span> <span class='ocrx_word' id='word_1_28' title='bbox 874 715 996 780; x_wconf 89' lang='lat' dir='ltr'><strong>ceteris.</strong></span> <span class='ocrx_word' id='word_1_29' title='bbox 1033 735 1069 778; x_wconf 88' lang='lat' dir='ltr'><strong>ae</strong></span> <span class='ocrx_word' id='word_1_30' title='bbox 1088 738 1329 798; x_wconf 86' lang='lat' dir='ltr'><strong>nonnumquam</strong></span> <span class='ocrx_word' id='word_1_31' title='bbox 1346 721 1428 799; x_wconf 89' lang='lat' dir='ltr'><strong>post</strong></span> 
     </span>
     <span class='ocr_line' id='line_1_5' title="bbox 272 821 1426 907; baseline 0.002 -23"><span class='ocrx_word' id='word_1_32' title='bbox 272 843 422 907; x_wconf 85' lang='lat' dir='ltr'><strong>magnam</strong></span> <span class='ocrx_word' id='word_1_33' title='bbox 445 843 587 906; x_wconf 85' lang='lat' dir='ltr'><strong>pugnam</strong></span> <span class='ocrx_word' id='word_1_34' title='bbox 612 825 707 903; x_wconf 86' lang='lat' dir='ltr'><strong>atque</strong></span> <span class='ocrx_word' id='word_1_35' title='bbox 731 822 900 885; x_wconf 87' lang='lat' dir='ltr'><strong>uictoriam</strong></span> <span class='ocrx_word' id='word_1_36' title='bbox 927 823 1061 886; x_wconf 87' lang='lat' dir='ltr'><strong>remisso</strong></span> <span class='ocrx_word' id='word_1_37' title='bbox 1086 821 1267 888; x_wconf 88' lang='lat' dir='ltr'><strong>officiorum</strong></span> <span class='ocrx_word' id='word_1_38' title='bbox 1290 843 1426 887; x_wconf 89' lang='lat' dir='ltr'><strong>munere</strong></span> 
     </span>
     <span class='ocr_line' id='line_1_6' title="bbox 271 927 1471 1012; baseline 0.003 -22"><span class='ocrx_word' id='word_1_39' title='bbox 271 927 434 993; x_wconf 74' lang='lat' dir='ltr'><strong>licentiam</strong></span> <span class='ocrx_word' id='word_1_40' title='bbox 454 949 580 992; x_wconf 92' lang='lat' dir='ltr'><strong>omnem</strong></span> <span class='ocrx_word' id='word_1_41' title='bbox 600 928 718 1011; x_wconf 86' lang='lat' dir='ltr'><strong>passim</strong></span> <span class='ocrx_word' id='word_1_42' title='bbox 734 928 922 991; x_wconf 87' lang='lat' dir='ltr'><strong>lasciuiendi</strong></span> <span class='ocrx_word' id='word_1_43' title='bbox 937 929 1154 1012; x_wconf 90' lang='lat' dir='ltr'><strong>permittebat,</strong></span> <span class='ocrx_word' id='word_1_44' title='bbox 1173 929 1291 993; x_wconf 88' lang='lat' dir='ltr'><strong>iactare</strong></span> <span class='ocrx_word' id='word_1_45' title='bbox 1304 928 1425 992; x_wconf 87' lang='lat' dir='ltr'><strong>solitus</strong></span> <span class='ocrx_word' id='word_1_46' title='bbox 1455 957 1471 994; x_wconf 81' lang='lat' dir='ltr'><strong>s</strong></span> 
     </span>
     <span class='ocr_line' id='line_1_7' title="bbox 271 1034 1424 1121; baseline -0.001 -22"><span class='ocrx_word' id='word_1_47' title='bbox 271 1035 418 1100; x_wconf 88' lang='lat' dir='ltr'><strong>milites</strong></span> <span class='ocrx_word' id='word_1_48' title='bbox 447 1057 535 1098; x_wconf 91' lang='lat' dir='ltr'><strong>suos</strong></span> <span class='ocrx_word' id='word_1_49' title='bbox 564 1034 678 1098; x_wconf 88' lang='lat' dir='ltr'><strong>etiam</strong></span> <span class='ocrx_word' id='word_1_50' title='bbox 702 1038 958 1118; x_wconf 76' lang='lat' dir='ltr'><strong>unguentatos</strong></span> <span class='ocrx_word' id='word_1_51' title='bbox 987 1035 1081 1099; x_wconf 90' lang='lat' dir='ltr'><strong>bene</strong></span> <span class='ocrx_word' id='word_1_52' title='bbox 1105 1057 1275 1121; x_wconf 83' lang='lat' dir='ltr'><strong>pugnare</strong></span> <span class='ocrx_word' id='word_1_53' title='bbox 1299 1057 1424 1119; x_wconf 89' lang='lat' dir='ltr'><strong>posse.</strong></span> 
     </span>
    </p>

    <p class='ocr_par' dir='ltr' id='par_1_4' title="bbox 237 1141 1473 1652">
     <span class='ocr_line' id='line_1_8' title="bbox 237 1141 1425 1224; baseline 0 -20"><span class='ocrx_word' id='word_1_54' title='bbox 237 1159 330 1206; x_wconf 81' lang='lat' dir='ltr'><strong>anec</strong></span> <span class='ocrx_word' id='word_1_55' title='bbox 352 1142 472 1205; x_wconf 87' lang='lat' dir='ltr'><strong>milites</strong></span> <span class='ocrx_word' id='word_1_56' title='bbox 502 1163 556 1206; x_wconf 85' lang='lat' dir='ltr'><strong>eos</strong></span> <span class='ocrx_word' id='word_1_57' title='bbox 583 1163 642 1224; x_wconf 92' lang='lat' dir='ltr'><strong>pro</strong></span> <span class='ocrx_word' id='word_1_58' title='bbox 671 1142 834 1224; x_wconf 91' lang='lat' dir='ltr'><strong>contione,</strong></span> <span class='ocrx_word' id='word_1_59' title='bbox 865 1141 920 1204; x_wconf 86' lang='lat' dir='ltr'><strong>sed</strong></span> <span class='ocrx_word' id='word_1_60' title='bbox 947 1141 1113 1205; x_wconf 79' lang='lat' dir='ltr'><strong>blandiore</strong></span> <span class='ocrx_word' id='word_1_61' title='bbox 1136 1142 1266 1206; x_wconf 90' lang='lat' dir='ltr'><strong>nomine</strong></span> <span class='ocrx_word' id='word_1_62' title='bbox 1291 1143 1425 1205; x_wconf 88' lang='lat' dir='ltr'><strong>commi—</strong></span> 
     </span>
     <span class='ocr_line' id='line_1_9' title="bbox 270 1247 1424 1334; baseline -0.001 -22"><span class='ocrx_word' id='word_1_63' title='bbox 270 1249 388 1312; x_wconf 89' lang='lat' dir='ltr'><strong>litones</strong></span> <span class='ocrx_word' id='word_1_64' title='bbox 412 1247 595 1330; x_wconf 87' lang='lat' dir='ltr'><strong>appellabat</strong></span> <span class='ocrx_word' id='word_1_65' title='bbox 619 1247 819 1329; x_wconf 77' lang='lat' dir='ltr'><strong>habebatque</strong></span> <span class='ocrx_word' id='word_1_66' title='bbox 843 1252 909 1312; x_wconf 87' lang='lat' dir='ltr'><strong>tam</strong></span> <span class='ocrx_word' id='word_1_67' title='bbox 934 1248 1046 1332; x_wconf 79' lang='lat' dir='ltr'><strong>cultae,</strong></span> <span class='ocrx_word' id='word_1_68' title='bbox 1069 1252 1105 1311; x_wconf 93' lang='lat' dir='ltr'><strong>ut</strong></span> <span class='ocrx_word' id='word_1_69' title='bbox 1129 1253 1263 1334; x_wconf 82' lang='lat' dir='ltr'><strong>argento</strong></span> <span class='ocrx_word' id='word_1_70' title='bbox 1286 1254 1319 1311; x_wconf 90' lang='lat' dir='ltr'><strong>et</strong></span> <span class='ocrx_word' id='word_1_71' title='bbox 1342 1271 1424 1312; x_wconf 87' lang='lat' dir='ltr'><strong>auro</strong></span> 
     </span>
     <span class='ocr_line' id='line_1_10' title="bbox 270 1355 1425 1439; baseline 0.001 -22"><span class='ocrx_word' id='word_1_72' title='bbox 270 1355 382 1439; x_wconf 90' lang='lat' dir='ltr'><strong>politis</strong></span> <span class='ocrx_word' id='word_1_73' title='bbox 405 1356 502 1419; x_wconf 87' lang='lat' dir='ltr'><strong>armis</strong></span> <span class='ocrx_word' id='word_1_74' title='bbox 527 1358 668 1436; x_wconf 87' lang='lat' dir='ltr'><strong>ornaret,</strong></span> <span class='ocrx_word' id='word_1_75' title='bbox 696 1355 849 1418; x_wconf 85' lang='lat' dir='ltr'><strong>simulet</strong></span> <span class='ocrx_word' id='word_1_76' title='bbox 872 1355 912 1417; x_wconf 90' lang='lat' dir='ltr'><strong>ad</strong></span> <span class='ocrx_word' id='word_1_77' title='bbox 935 1357 1073 1437; x_wconf 82' lang='lat' dir='ltr'><strong>speciem</strong></span> <span class='ocrx_word' id='word_1_78' title='bbox 1102 1360 1133 1418; x_wconf 91' lang='lat' dir='ltr'><strong>et</strong></span> <span class='ocrx_word' id='word_1_79' title='bbox 1156 1377 1219 1438; x_wconf 93' lang='lat' dir='ltr'><strong>quo</strong></span> <span class='ocrx_word' id='word_1_80' title='bbox 1244 1355 1425 1418; x_wconf 75' lang='lat' dir='ltr'><strong>tenaciores</strong></span> 
     </span>
     <span class='ocr_line' id='line_1_11' title="bbox 271 1460 1473 1547; baseline 0.002 -22"><span class='ocrx_word' id='word_1_81' title='bbox 271 1483 380 1525; x_wconf 87' lang='lat' dir='ltr'><strong>eorum</strong></span> <span class='ocrx_word' id='word_1_82' title='bbox 404 1460 439 1523; x_wconf 93' lang='lat' dir='ltr'><strong>in</strong></span> <span class='ocrx_word' id='word_1_83' title='bbox 461 1463 585 1544; x_wconf 91' lang='lat' dir='ltr'><strong>proelio</strong></span> <span class='ocrx_word' id='word_1_84' title='bbox 610 1465 716 1524; x_wconf 87' lang='lat' dir='ltr'><strong>essent</strong></span> <span class='ocrx_word' id='word_1_85' title='bbox 735 1467 824 1524; x_wconf 93' lang='lat' dir='ltr'><strong>metu</strong></span> <span class='ocrx_word' id='word_1_86' title='bbox 843 1460 959 1526; x_wconf 90' lang='lat' dir='ltr'><strong>damni.</strong></span> <span class='ocrx_word' id='word_1_87' title='bbox 998 1461 1153 1547; x_wconf 85' lang='lat' dir='ltr'><strong>diligebat</strong></span> <span class='ocrx_word' id='word_1_88' title='bbox 1172 1483 1300 1545; x_wconf 92' lang='lat' dir='ltr'><strong>quoquc</strong></span> <span class='ocrx_word' id='word_1_89' title='bbox 1319 1484 1424 1544; x_wconf 88' lang='lat' dir='ltr'><strong>usque</strong></span> <span class='ocrx_word' id='word_1_90' title='bbox 1442 1491 1473 1529; x_wconf 78' lang='lat' dir='ltr'><strong>ro</strong></span> 
     </span>
     <span class='ocr_line' id='line_1_12' title="bbox 271 1567 1424 1652; baseline 0 -22"><span class='ocrx_word' id='word_1_91' title='bbox 271 1569 364 1650; x_wconf 88' lang='lat' dir='ltr'><strong>adeo,</strong></span> <span class='ocrx_word' id='word_1_92' title='bbox 392 1572 429 1631; x_wconf 95' lang='lat' dir='ltr'><strong>ut</strong></span> <span class='ocrx_word' id='word_1_93' title='bbox 452 1569 561 1632; x_wconf 87' lang='lat' dir='ltr'><strong>audita</strong></span> <span class='ocrx_word' id='word_1_94' title='bbox 588 1569 678 1632; x_wconf 88' lang='lat' dir='ltr'><strong>clade</strong></span> <span class='ocrx_word' id='word_1_95' title='bbox 700 1567 868 1632; x_wconf 82' lang='lat' dir='ltr'><strong>Tituriana</strong></span> <span class='ocrx_word' id='word_1_96' title='bbox 895 1567 1028 1632; x_wconf 91' lang='lat' dir='ltr'><strong>barbam</strong></span> <span class='ocrx_word' id='word_1_97' title='bbox 1052 1568 1267 1652; x_wconf 82' lang='lat' dir='ltr'><strong>capillumque</strong></span> <span class='ocrx_word' id='word_1_98' title='bbox 1291 1571 1424 1632; x_wconf 90' lang='lat' dir='ltr'><strong>summi-</strong></span> 
     </span>
    </p>

    <p class='ocr_par' dir='ltr' id='par_1_5' title="bbox 218 1671 1469 2400">
     <span class='ocr_line' id='line_1_13' title="bbox 218 1671 1425 1760; baseline 0.002 -24"><span class='ocrx_word' id='word_1_99' title='bbox 218 1671 349 1737; x_wconf 82' lang='lat' dir='ltr'><strong>68serit</strong></span> <span class='ocrx_word' id='word_1_100' title='bbox 372 1695 431 1737; x_wconf 87' lang='lat' dir='ltr'><strong>neo</strong></span> <span class='ocrx_word' id='word_1_101' title='bbox 459 1678 533 1739; x_wconf 90' lang='lat' dir='ltr'><strong>ante</strong></span> <span class='ocrx_word' id='word_1_102' title='bbox 562 1676 735 1758; x_wconf 88' lang='lat' dir='ltr'><strong>dempserit</strong></span> <span class='ocrx_word' id='word_1_103' title='bbox 759 1697 855 1758; x_wconf 89' lang='lat' dir='ltr'><strong>quam</strong></span> <span class='ocrx_word' id='word_1_104' title='bbox 879 1675 1081 1740; x_wconf 86' lang='lat' dir='ltr'><strong>uindicasset.</strong></span> <span class='ocrx_word' id='word_1_105' title='bbox 1128 1676 1246 1760; x_wconf 92' lang='lat' dir='ltr'><strong>quibus</strong></span> <span class='ocrx_word' id='word_1_106' title='bbox 1269 1675 1364 1739; x_wconf 90' lang='lat' dir='ltr'><strong>rebus</strong></span> <span class='ocrx_word' id='word_1_107' title='bbox 1388 1681 1425 1739; x_wconf 92' lang='lat' dir='ltr'><strong>et</strong></span> 
     </span>
     <span class='ocr_line' id='line_1_14' title="bbox 272 1780 1423 1868; baseline 0.002 -25"><span class='ocrx_word' id='word_1_108' title='bbox 272 1780 499 1846; x_wconf 75' lang='lat' dir='ltr'><strong>deuotissimos</strong></span> <span class='ocrx_word' id='word_1_109' title='bbox 524 1781 587 1845; x_wconf 87' lang='lat' dir='ltr'><strong>sibi</strong></span> <span class='ocrx_word' id='word_1_110' title='bbox 610 1786 642 1845; x_wconf 92' lang='lat' dir='ltr'><strong>et</strong></span> <span class='ocrx_word' id='word_1_111' title='bbox 664 1780 861 1846; x_wconf 84' lang='lat' dir='ltr'><strong>fortissimos</strong></span> <span class='ocrx_word' id='word_1_112' title='bbox 884 1782 1032 1846; x_wconf 85' lang='lat' dir='ltr'><strong>reddidit.</strong></span> <span class='ocrx_word' id='word_1_113' title='bbox 1069 1784 1214 1868; x_wconf 78' lang='lat' dir='ltr'><strong>ingresso</strong></span> <span class='ocrx_word' id='word_1_114' title='bbox 1239 1783 1332 1845; x_wconf 93' lang='lat' dir='ltr'><strong>ciuile</strong></span> <span class='ocrx_word' id='word_1_115' title='bbox 1355 1781 1423 1845; x_wconf 90' lang='lat' dir='ltr'><strong>bel-</strong></span> 
     </span>
     <span class='ocr_line' id='line_1_15' title="bbox 270 1887 1422 1974; baseline 0.001 -23"><span class='ocrx_word' id='word_1_116' title='bbox 270 1887 337 1951; x_wconf 92' lang='lat' dir='ltr'><strong>lum</strong></span> <span class='ocrx_word' id='word_1_117' title='bbox 362 1889 565 1952; x_wconf 86' lang='lat' dir='ltr'><strong>centuriones</strong></span> <span class='ocrx_word' id='word_1_118' title='bbox 593 1890 747 1971; x_wconf 92' lang='lat' dir='ltr'><strong>cuiusque</strong></span> <span class='ocrx_word' id='word_1_119' title='bbox 776 1888 912 1974; x_wconf 83' lang='lat' dir='ltr'><strong>legionis</strong></span> <span class='ocrx_word' id='word_1_120' title='bbox 941 1889 1086 1973; x_wconf 83' lang='lat' dir='ltr'><strong>singulos</strong></span> <span class='ocrx_word' id='word_1_121' title='bbox 1112 1891 1236 1972; x_wconf 89' lang='lat' dir='ltr'><strong>equites</strong></span> <span class='ocrx_word' id='word_1_122' title='bbox 1260 1911 1276 1953; x_wconf 91' lang='lat' dir='ltr'><strong>e</strong></span> <span class='ocrx_word' id='word_1_123' title='bbox 1300 1890 1422 1953; x_wconf 88' lang='lat' dir='ltr'><strong>uiatico</strong></span> 
     </span>
     <span class='ocr_line' id='line_1_16' title="bbox 271 1996 1469 2082; baseline 0.003 -24"><span class='ocrx_word' id='word_1_124' title='bbox 271 2017 329 2059; x_wconf 86' lang='lat' dir='ltr'><strong>suo</strong></span> <span class='ocrx_word' id='word_1_125' title='bbox 357 1997 556 2080; x_wconf 88' lang='lat' dir='ltr'><strong>optulerunt,</strong></span> <span class='ocrx_word' id='word_1_126' title='bbox 585 1996 728 2059; x_wconf 90' lang='lat' dir='ltr'><strong>uniuersi</strong></span> <span class='ocrx_word' id='word_1_127' title='bbox 757 1996 877 2059; x_wconf 88' lang='lat' dir='ltr'><strong>milites</strong></span> <span class='ocrx_word' id='word_1_128' title='bbox 905 1998 1081 2082; x_wconf 79' lang='lat' dir='ltr'><strong>gratuitam</strong></span> <span class='ocrx_word' id='word_1_129' title='bbox 1110 2001 1142 2060; x_wconf 89' lang='lat' dir='ltr'><strong>et</strong></span> <span class='ocrx_word' id='word_1_130' title='bbox 1165 1998 1233 2060; x_wconf 89' lang='lat' dir='ltr'><strong>sine</strong></span> <span class='ocrx_word' id='word_1_131' title='bbox 1256 1997 1420 2061; x_wconf 90' lang='lat' dir='ltr'><strong>frumento</strong></span> <span class='ocrx_word' id='word_1_132' title='bbox 1440 2025 1469 2062; x_wconf 71' lang='grc' dir='ltr'><strong><em>ιε</em></strong></span> 
     </span>
     <span class='ocr_line' id='line_1_17' title="bbox 271 2103 1421 2186; baseline 0.001 -21"><span class='ocrx_word' id='word_1_133' title='bbox 271 2103 496 2186; x_wconf 91' lang='lat' dir='ltr'><strong>stipendioque</strong></span> <span class='ocrx_word' id='word_1_134' title='bbox 521 2125 664 2186; x_wconf 87' lang='lat' dir='ltr'><strong>operam,</strong></span> <span class='ocrx_word' id='word_1_135' title='bbox 688 2123 760 2166; x_wconf 89' lang='lat' dir='ltr'><strong>cum</strong></span> <span class='ocrx_word' id='word_1_136' title='bbox 783 2104 965 2166; x_wconf 87' lang='lat' dir='ltr'><strong>tenuiorum</strong></span> <span class='ocrx_word' id='word_1_137' title='bbox 987 2105 1120 2167; x_wconf 84' lang='lat' dir='ltr'><strong>tutelam</strong></span> <span class='ocrx_word' id='word_1_138' title='bbox 1138 2103 1366 2186; x_wconf 85' lang='lat' dir='ltr'><strong>locupletiores</strong></span> <span class='ocrx_word' id='word_1_139' title='bbox 1386 2105 1421 2166; x_wconf 90' lang='lat' dir='ltr'><strong>in</strong></span> 
     </span>
     <span class='ocr_line' id='line_1_18' title="bbox 271 2209 1420 2294; baseline 0.002 -22"><span class='ocrx_word' id='word_1_140' title='bbox 271 2231 303 2272; x_wconf 90' lang='lat' dir='ltr'><strong>se</strong></span> <span class='ocrx_word' id='word_1_141' title='bbox 327 2210 548 2274; x_wconf 86' lang='lat' dir='ltr'><strong>contulissent.</strong></span> <span class='ocrx_word' id='word_1_142' title='bbox 590 2231 693 2292; x_wconf 90' lang='lat' dir='ltr'><strong>neque</strong></span> <span class='ocrx_word' id='word_1_143' title='bbox 717 2209 752 2272; x_wconf 90' lang='lat' dir='ltr'><strong>in</strong></span> <span class='ocrx_word' id='word_1_144' title='bbox 774 2214 841 2273; x_wconf 92' lang='lat' dir='ltr'><strong>tam</strong></span> <span class='ocrx_word' id='word_1_145' title='bbox 865 2209 1017 2274; x_wconf 91' lang='lat' dir='ltr'><strong>diuturno</strong></span> <span class='ocrx_word' id='word_1_146' title='bbox 1038 2211 1142 2294; x_wconf 86' lang='lat' dir='ltr'><strong>spatio</strong></span> <span class='ocrx_word' id='word_1_147' title='bbox 1163 2211 1333 2293; x_wconf 88' lang='lat' dir='ltr'><strong>quisquam</strong></span> <span class='ocrx_word' id='word_1_148' title='bbox 1352 2233 1420 2274; x_wconf 92' lang='lat' dir='ltr'><strong>om-</strong></span> 
     </span>
     <span class='ocr_line' id='line_1_19' title="bbox 269 2316 1420 2400; baseline 0.003 -23"><span class='ocrx_word' id='word_1_149' title='bbox 269 2317 345 2379; x_wconf 90' lang='lat' dir='ltr'><strong>nino</strong></span> <span class='ocrx_word' id='word_1_150' title='bbox 375 2316 523 2399; x_wconf 87' lang='lat' dir='ltr'><strong>desciuit,</strong></span> <span class='ocrx_word' id='word_1_151' title='bbox 554 2316 700 2400; x_wconf 91' lang='lat' dir='ltr'><strong>plerique</strong></span> <span class='ocrx_word' id='word_1_152' title='bbox 729 2316 815 2400; x_wconf 87' lang='lat' dir='ltr'><strong>capti</strong></span> <span class='ocrx_word' id='word_1_153' title='bbox 843 2336 1026 2380; x_wconf 87' lang='lat' dir='ltr'><strong>concessam</strong></span> <span class='ocrx_word' id='word_1_154' title='bbox 1055 2316 1116 2380; x_wconf 90' lang='lat' dir='ltr'><strong>sibi</strong></span> <span class='ocrx_word' id='word_1_155' title='bbox 1145 2316 1204 2380; x_wconf 89' lang='lat' dir='ltr'><strong>sub</strong></span> <span class='ocrx_word' id='word_1_156' title='bbox 1232 2316 1420 2380; x_wconf 91' lang='lat' dir='ltr'><strong>condicione</strong></span> 
     </span>
    </p>

    <p class='ocr_par' dir='ltr' id='par_1_6' title="bbox 235 2421 1418 2505">
     <span class='ocr_line' id='line_1_20' title="bbox 235 2421 1418 2505; baseline 0.005 -25"><span class='ocrx_word' id='word_1_157' title='bbox 235 2422 380 2504; x_wconf 78' lang='lat' dir='ltr'><strong>auitam,</strong></span> <span class='ocrx_word' id='word_1_158' title='bbox 410 2422 435 2484; x_wconf 89' lang='lat' dir='ltr'><strong>si</strong></span> <span class='ocrx_word' id='word_1_159' title='bbox 465 2422 604 2484; x_wconf 88' lang='lat' dir='ltr'><strong>militare</strong></span> <span class='ocrx_word' id='word_1_160' title='bbox 632 2421 783 2486; x_wconf 88' lang='lat' dir='ltr'><strong>aduersus</strong></span> <span class='ocrx_word' id='word_1_161' title='bbox 807 2444 879 2485; x_wconf 92' lang='lat' dir='ltr'><strong>eum</strong></span> <span class='ocrx_word' id='word_1_162' title='bbox 903 2422 1038 2505; x_wconf 90' lang='lat' dir='ltr'><strong>uellent,</strong></span> <span class='ocrx_word' id='word_1_163' title='bbox 1064 2428 1258 2487; x_wconf 84' lang='lat' dir='ltr'><strong>recusarunt.</strong></span> <span class='ocrx_word' id='word_1_164' title='bbox 1300 2422 1418 2488; x_wconf 87' lang='lat' dir='ltr'><strong>famem</strong></span> 
     </span>
    </p>
   </div>
   <div class='ocr_carea' id='block_1_3' title="bbox 270 2529 1470 2616">
    <p class='ocr_par' dir='ltr' id='par_1_7' title="bbox 270 2529 1470 2616">
     <span class='ocr_line' id='line_1_21' title="bbox 270 2529 1470 2616; baseline 0.005 -26"><span class='ocrx_word' id='word_1_165' title='bbox 270 2533 302 2590; x_wconf 90' lang='lat' dir='ltr'><strong>et</strong></span> <span class='ocrx_word' id='word_1_166' title='bbox 331 2532 450 2592; x_wconf 86' lang='lat' dir='ltr'><strong>ceteras</strong></span> <span class='ocrx_word' id='word_1_167' title='bbox 478 2529 698 2616; x_wconf 76' lang='lat' dir='ltr'><strong>necessitates,</strong></span> <span class='ocrx_word' id='word_1_168' title='bbox 727 2550 791 2591; x_wconf 93' lang='lat' dir='ltr'><strong>non</strong></span> <span class='ocrx_word' id='word_1_169' title='bbox 824 2551 896 2593; x_wconf 90' lang='lat' dir='ltr'><strong>cum</strong></span> <span class='ocrx_word' id='word_1_170' title='bbox 927 2531 1150 2594; x_wconf 88' lang='lat' dir='ltr'><strong>obsiderentur</strong></span> <span class='ocrx_word' id='word_1_171' title='bbox 1176 2530 1272 2594; x_wconf 92' lang='lat' dir='ltr'><strong>modo</strong></span> <span class='ocrx_word' id='word_1_172' title='bbox 1303 2530 1358 2594; x_wconf 87' lang='lat' dir='ltr'><strong>sed</strong></span> <span class='ocrx_word' id='word_1_173' title='bbox 1387 2535 1420 2594; x_wconf 91' lang='lat' dir='ltr'><strong>et</strong></span> <span class='ocrx_word' id='word_1_174' title='bbox 1438 2557 1470 2596; x_wconf 81' lang='lat' dir='ltr'><strong>so</strong></span> 
     </span>
    </p>
   </div>
   <div class='ocr_carea' id='block_1_4' title="bbox 265 2703 1423 4134">
    <p class='ocr_par' dir='ltr' id='par_1_8' title="bbox 265 2703 1423 4134">
     <span class='ocr_line' id='line_1_22' title="bbox 343 2703 1419 2774; baseline 0.003 -19"><span class='ocrx_word' id='word_1_175' title='bbox 343 2710 356 2755; x_wconf 94' lang='lat'>1</span> <span class='ocrx_word' id='word_1_176' title='bbox 378 2705 509 2774; x_wconf 80' lang='grc' dir='ltr'><strong><em>Ρυλγαειι.</em></strong></span> <span class='ocrx_word' id='word_1_177' title='bbox 532 2705 611 2757; x_wconf 89' lang='lat' dir='ltr'><em>VIII</em></span> <span class='ocrx_word' id='word_1_178' title='bbox 624 2709 674 2769; x_wconf 89' lang='grc'><strong>23,</strong></span> <span class='ocrx_word' id='word_1_179' title='bbox 688 2707 724 2758; x_wconf 89' lang='grc'><strong>21</strong></span> <span class='ocrx_word' id='word_1_180' title='bbox 748 2703 782 2756; x_wconf 91' lang='grc' dir='ltr'><strong><em>τά</em></strong></span> <span class='ocrx_word' id='word_1_181' title='bbox 802 2703 986 2772; x_wconf 81' lang='grc' dir='ltr'><strong><em>ἁμαρτήματα</em></strong></span> <span class='ocrx_word' id='word_1_182' title='bbox 1004 2713 1060 2758; x_wconf 86' lang='grc' dir='ltr'><strong>τῶν</strong></span> <span class='ocrx_word' id='word_1_183' title='bbox 1080 2715 1253 2771; x_wconf 80' lang='grc' dir='ltr'><strong><em>στρατιωτῶν</em></strong></span> <span class='ocrx_word' id='word_1_184' title='bbox 1273 2706 1306 2759; x_wconf 82' lang='grc' dir='ltr'><strong>οὐ</strong></span> <span class='ocrx_word' id='word_1_185' title='bbox 1325 2704 1419 2759; x_wconf 82' lang='grc' dir='ltr'><strong><em>πάντα</em></strong></span> 
     </span>
     <span class='ocr_line' id='line_1_23' title="bbox 265 2780 1421 2854; baseline 0.002 -18"><span class='ocrx_word' id='word_1_186' title='bbox 265 2783 493 2851; x_wconf 71' lang='grc' dir='ltr'><strong><em>παρεφύλασσεν,</em></strong></span> <span class='ocrx_word' id='word_1_187' title='bbox 514 2780 576 2836; x_wconf 88' lang='grc' dir='ltr'><strong><em>ἀλλ’</em></strong></span> <span class='ocrx_word' id='word_1_188' title='bbox 594 2785 659 2838; x_wconf 77' lang='grc' dir='ltr'><strong><em>οὐδὲ</em></strong></span> <span class='ocrx_word' id='word_1_189' title='bbox 678 2784 743 2846; x_wconf 78' lang='grc' dir='ltr'><strong><em>τοὺς</em></strong></span> <span class='ocrx_word' id='word_1_190' title='bbox 762 2783 976 2852; x_wconf 83' lang='grc' dir='ltr'><strong><em>ἁμαρτάνοντας</em></strong></span> <span class='ocrx_word' id='word_1_191' title='bbox 994 2784 1065 2838; x_wconf 86' lang='grc' dir='ltr'><strong><em>κατά</em></strong></span> <span class='ocrx_word' id='word_1_192' title='bbox 1083 2786 1134 2854; x_wconf 82' lang='grc' dir='ltr'><strong>τὴν</strong></span> <span class='ocrx_word' id='word_1_193' title='bbox 1149 2783 1232 2850; x_wconf 83' lang='grc' dir='ltr'><strong><em>ἀξίαν</em></strong></span> <span class='ocrx_word' id='word_1_194' title='bbox 1251 2786 1421 2854; x_wconf 78' lang='grc' dir='ltr'><strong><em>ἐτιμωρεῖτο,</em></strong></span> 
     </span>
     <span class='ocr_line' id='line_1_24' title="bbox 270 2862 1420 2933; baseline 0.002 -17"><span class='ocrx_word' id='word_1_195' title='bbox 270 2863 321 2931; x_wconf 79' lang='grc' dir='ltr'><strong>τὴν</strong></span> <span class='ocrx_word' id='word_1_196' title='bbox 341 2865 505 2932; x_wconf 90' lang='grc' dir='ltr'><strong><em>συγγνώμην</em></strong></span> <span class='ocrx_word' id='word_1_197' title='bbox 525 2862 658 2931; x_wconf 77' lang='grc' dir='ltr'><strong><em>ἀνδρείας</em></strong></span> <span class='ocrx_word' id='word_1_198' title='bbox 676 2864 825 2932; x_wconf 76' lang='grc' dir='ltr'><strong><em>ποιητικὴν</em></strong></span> <span class='ocrx_word' id='word_1_199' title='bbox 844 2864 1004 2933; x_wconf 73' lang='grc' dir='ltr'><strong><em>ἡγούμενος.</em></strong></span> <span class='ocrx_word' id='word_1_200' title='bbox 1043 2865 1067 2919; x_wconf 87' lang='grc' dir='ltr'><strong><em>εἰ</em></strong></span> <span class='ocrx_word' id='word_1_201' title='bbox 1086 2864 1179 2933; x_wconf 91' lang='grc' dir='ltr'><strong><em>μέντοι</em></strong></span> <span class='ocrx_word' id='word_1_202' title='bbox 1197 2885 1239 2927; x_wconf 90' lang='grc' dir='ltr'><strong>τις</strong></span> <span class='ocrx_word' id='word_1_203' title='bbox 1257 2863 1420 2921; x_wconf 78' lang='grc' dir='ltr'><strong><em>ἐστασίασεν</em></strong></span> 
     </span>
     <span class='ocr_line' id='line_1_25' title="bbox 269 2941 1423 3014; baseline 0.001 -17"><span class='ocrx_word' id='word_1_204' title='bbox 269 2941 286 3011; x_wconf 76' lang='grc' dir='ltr'>ἢ</span> <span class='ocrx_word' id='word_1_205' title='bbox 301 2943 352 3012; x_wconf 84' lang='grc' dir='ltr'><strong>τὴν</strong></span> <span class='ocrx_word' id='word_1_206' title='bbox 367 2943 446 3008; x_wconf 85' lang='grc' dir='ltr'><strong><em>τάξιν</em></strong></span> <span class='ocrx_word' id='word_1_207' title='bbox 462 2944 563 3009; x_wconf 84' lang='grc' dir='ltr'><strong><em>έλιπεν,</em></strong></span> <span class='ocrx_word' id='word_1_208' title='bbox 574 2945 625 2997; x_wconf 79' lang='grc' dir='ltr'><strong>οὐκ</strong></span> <span class='ocrx_word' id='word_1_209' title='bbox 640 2942 675 2999; x_wconf 85' lang='grc' dir='ltr'><strong><em>ἀν</em></strong></span> <span class='ocrx_word' id='word_1_210' title='bbox 689 2953 789 2999; x_wconf 86' lang='grc' dir='ltr'><strong><em>τοῦτον</em></strong></span> <span class='ocrx_word' id='word_1_211' title='bbox 804 2946 977 3013; x_wconf 82' lang='grc' dir='ltr'><strong><em>ἀτιμώρητον</em></strong></span> <span class='ocrx_word' id='word_1_212' title='bbox 988 2953 1122 3014; x_wconf 81' lang='grc' dir='ltr'><strong><em>παρῆκεν.</em></strong></span> <span class='ocrx_word' id='word_1_213' title='bbox 1197 2951 1277 3013; x_wconf 72' lang='lat' dir='ltr'><strong>lsqq.</strong></span> <span class='ocrx_word' id='word_1_214' title='bbox 1293 2947 1330 2999; x_wconf 79' lang='grc' dir='ltr'><strong><em>ι’ά.</em></strong></span> <span class='ocrx_word' id='word_1_215' title='bbox 1342 2947 1423 2999; x_wconf 87' lang='lat' dir='ltr'><em>VIII</em></span> 
     </span>
     <span class='ocr_line' id='line_1_26' title="bbox 268 3023 1421 3098; baseline 0.001 -21"><span class='ocrx_word' id='word_1_216' title='bbox 268 3029 314 3089; x_wconf 81' lang='grc'><strong>23,</strong></span> <span class='ocrx_word' id='word_1_217' title='bbox 321 3028 359 3077; x_wconf 90' lang='grc'><strong>20</strong></span> <span class='ocrx_word' id='word_1_218' title='bbox 377 3032 435 3084; x_wconf 88' lang='grc' dir='ltr'><strong><em>τοῖς</em></strong></span> <span class='ocrx_word' id='word_1_219' title='bbox 454 3025 633 3091; x_wconf 81' lang='grc' dir='ltr'><strong><em>στρατιώταις</em></strong></span> <span class='ocrx_word' id='word_1_220' title='bbox 650 3023 839 3093; x_wconf 77' lang='grc' dir='ltr'><strong><em>παρήγγελλεν</em></strong></span> <span class='ocrx_word' id='word_1_221' title='bbox 854 3023 924 3078; x_wconf 83' lang='grc' dir='ltr'><strong><em>ὅπλα</em></strong></span> <span class='ocrx_word' id='word_1_222' title='bbox 940 3025 1012 3095; x_wconf 70' lang='grc' dir='ltr'><strong><em>ἔχειν</em></strong></span> <span class='ocrx_word' id='word_1_223' title='bbox 1027 3026 1138 3098; x_wconf 78' lang='grc' dir='ltr'><strong><em>ἀργάρςο</em></strong></span> <span class='ocrx_word' id='word_1_224' title='bbox 1152 3028 1199 3080; x_wconf 85' lang='grc' dir='ltr'><strong>καλ</strong></span> <span class='ocrx_word' id='word_1_225' title='bbox 1214 3030 1306 3098; x_wconf 80' lang='grc' dir='ltr'><strong><em>χρυσῷ</em></strong></span> <span class='ocrx_word' id='word_1_226' title='bbox 1320 3044 1421 3080; x_wconf 87' lang='grc' dir='ltr'><strong><em>πεποι-</em></strong></span> 
     </span>
     <span class='ocr_line' id='line_1_27' title="bbox 269 3103 1421 3177; baseline 0.002 -21"><span class='ocrx_word' id='word_1_227' title='bbox 269 3103 392 3172; x_wconf 85' lang='grc' dir='ltr'><strong><em>κιλμένα,</em></strong></span> <span class='ocrx_word' id='word_1_228' title='bbox 411 3103 528 3172; x_wconf 89' lang='grc' dir='ltr'><strong><em>μάλιστα</em></strong></span> <span class='ocrx_word' id='word_1_229' title='bbox 547 3105 597 3173; x_wconf 78' lang='grc' dir='ltr'><strong><em>μέν</em></strong></span> <span class='ocrx_word' id='word_1_230' title='bbox 616 3103 720 3172; x_wconf 88' lang='grc' dir='ltr'><strong><em>κόσμου</em></strong></span> <span class='ocrx_word' id='word_1_231' title='bbox 740 3105 832 3176; x_wconf 82' lang='grc' dir='ltr'><strong><em>χάριν,</em></strong></span> <span class='ocrx_word' id='word_1_232' title='bbox 852 3106 902 3175; x_wconf 85' lang='grc' dir='ltr'><strong>οάχ</strong></span> <span class='ocrx_word' id='word_1_233' title='bbox 922 3103 1021 3174; x_wconf 77' lang='grc' dir='ltr'><strong><em>ἥκιστα</em></strong></span> <span class='ocrx_word' id='word_1_234' title='bbox 1037 3106 1120 3177; x_wconf 77' lang='lat' dir='ltr'><strong>(dt),</strong></span> <span class='ocrx_word' id='word_1_235' title='bbox 1141 3103 1215 3168; x_wconf 80' lang='grc' dir='ltr'><strong><em>ὅπως</em></strong></span> <span class='ocrx_word' id='word_1_236' title='bbox 1228 3107 1276 3160; x_wconf 86' lang='grc' dir='ltr'><strong>καί</strong></span> <span class='ocrx_word' id='word_1_237' title='bbox 1291 3105 1318 3160; x_wconf 77' lang='lat' dir='ltr'><strong>cl</strong></span> <span class='ocrx_word' id='word_1_238' title='bbox 1337 3123 1421 3173; x_wconf 87' lang='grc' dir='ltr'><strong><em>στρα-</em></strong></span> 
     </span>
     <span class='ocr_line' id='line_1_28' title="bbox 270 3183 1420 3256; baseline 0.002 -19"><span class='ocrx_word' id='word_1_239' title='bbox 270 3193 366 3237; x_wconf 87' lang='grc' dir='ltr'><strong><em>τιῶται</em></strong></span> <span class='ocrx_word' id='word_1_240' title='bbox 385 3184 419 3237; x_wconf 84' lang='grc' dir='ltr'><strong><em>τὰ</em></strong></span> <span class='ocrx_word' id='word_1_241' title='bbox 439 3186 576 3252; x_wconf 81' lang='grc' dir='ltr'><strong><em>πολύτιμα</em></strong></span> <span class='ocrx_word' id='word_1_242' title='bbox 595 3183 768 3254; x_wconf 74' lang='grc' dir='ltr'><strong><em>περιμάχητα</em></strong></span> <span class='ocrx_word' id='word_1_243' title='bbox 788 3184 910 3253; x_wconf 78' lang='grc' dir='ltr'><strong><em>ἡγοῖντο.</em></strong></span> <span class='ocrx_word' id='word_1_244' title='bbox 954 3187 1147 3256; x_wconf 75' lang='lat' dir='ltr'><em>V11123,22</em></span> <span class='ocrx_word' id='word_1_245' title='bbox 1165 3187 1231 3246; x_wconf 80' lang='grc' dir='ltr'><strong><em>τοὺς</em></strong></span> <span class='ocrx_word' id='word_1_246' title='bbox 1249 3187 1420 3253; x_wconf 83' lang='grc' dir='ltr'><strong><em>στρατιώτας</em></strong></span> 
     </span>
     <span class='ocr_line' id='line_1_29' title="bbox 269 3262 1422 3336; baseline 0.002 -18"><span class='ocrx_word' id='word_1_247' title='bbox 269 3264 361 3318; x_wconf 82' lang='grc' dir='ltr'><strong><em>ἐκάλει</em></strong></span> <span class='ocrx_word' id='word_1_248' title='bbox 381 3267 586 3331; x_wconf 82' lang='grc' dir='ltr'><strong><em>συστρατιώτας</em></strong></span> <span class='ocrx_word' id='word_1_249' title='bbox 608 3269 645 3334; x_wconf 81' lang='grc' dir='ltr'><strong><em>τῷ</em></strong></span> <span class='ocrx_word' id='word_1_250' title='bbox 670 3262 783 3336; x_wconf 84' lang='grc' dir='ltr'><strong><em>ἰσοτίμῳ</em></strong></span> <span class='ocrx_word' id='word_1_251' title='bbox 803 3273 852 3317; x_wconf 83' lang='grc' dir='ltr'><strong><em>τοῦ</em></strong></span> <span class='ocrx_word' id='word_1_252' title='bbox 878 3263 1014 3333; x_wconf 86' lang='grc' dir='ltr'><strong><em>ὀνόματος</em></strong></span> <span class='ocrx_word' id='word_1_253' title='bbox 1032 3264 1263 3334; x_wconf 76' lang='grc' dir='ltr'><strong><em>προθυμοτέρους</em></strong></span> <span class='ocrx_word' id='word_1_254' title='bbox 1281 3274 1370 3320; x_wconf 86' lang='grc' dir='ltr'><strong><em>ποιῶν</em></strong></span> <span class='ocrx_word' id='word_1_255' title='bbox 1391 3268 1422 3328; x_wconf 80' lang='grc' dir='ltr'><strong>ἐς</strong></span> 
     </span>
     <span class='ocr_line' id='line_1_30' title="bbox 268 3344 1421 3415; baseline 0.001 -17"><span class='ocrx_word' id='word_1_256' title='bbox 268 3345 317 3404; x_wconf 81' lang='grc' dir='ltr'><strong><em>τὰς</em></strong></span> <span class='ocrx_word' id='word_1_257' title='bbox 337 3344 433 3414; x_wconf 88' lang='grc' dir='ltr'><strong><em>μάχας.</em></strong></span> <span class='ocrx_word' id='word_1_258' title='bbox 473 3345 549 3412; x_wconf 66' lang='lat' dir='ltr'><strong>Epir.</strong></span> <span class='ocrx_word' id='word_1_259' title='bbox 566 3350 591 3410; x_wconf 85' lang='lat'><strong>1,</strong></span> <span class='ocrx_word' id='word_1_260' title='bbox 603 3349 636 3397; x_wconf 78' lang='lat'><strong>14</strong></span> <span class='ocrx_word' id='word_1_261' title='bbox 654 3344 759 3398; x_wconf 87' lang='lat' dir='ltr'><strong>milites</strong></span> <span class='ocrx_word' id='word_1_262' title='bbox 780 3345 983 3398; x_wconf 84' lang='lat' dir='ltr'><strong>commilitones</strong></span> <span class='ocrx_word' id='word_1_263' title='bbox 1002 3363 1074 3399; x_wconf 93' lang='lat' dir='ltr'><strong>nouo</strong></span> <span class='ocrx_word' id='word_1_264' title='bbox 1094 3346 1254 3414; x_wconf 89' lang='lat' dir='ltr'><strong>blandoque</strong></span> <span class='ocrx_word' id='word_1_265' title='bbox 1273 3362 1350 3399; x_wconf 91' lang='lat' dir='ltr'><strong>more</strong></span> <span class='ocrx_word' id='word_1_266' title='bbox 1369 3363 1421 3415; x_wconf 88' lang='lat' dir='ltr'><strong>ap-</strong></span> 
     </span>
     <span class='ocr_line' id='line_1_31' title="bbox 268 3423 1418 3500; baseline 0.003 -24"><span class='ocrx_word' id='word_1_267' title='bbox 268 3423 385 3492; x_wconf 87' lang='lat' dir='ltr'><strong>pellans.</strong></span> <span class='ocrx_word' id='word_1_268' title='bbox 462 3431 560 3492; x_wconf 86' lang='lat' dir='ltr'><strong>llsqq.</strong></span> <span class='ocrx_word' id='word_1_269' title='bbox 581 3426 712 3494; x_wconf 78' lang='lat' dir='ltr'><strong>Polyaen.</strong></span> <span class='ocrx_word' id='word_1_270' title='bbox 734 3426 813 3477; x_wconf 88' lang='lat' dir='ltr'><em>VIII</em></span> <span class='ocrx_word' id='word_1_271' title='bbox 827 3429 873 3490; x_wconf 76' lang='lat'><strong>23,</strong></span> <span class='ocrx_word' id='word_1_272' title='bbox 887 3429 924 3478; x_wconf 88' lang='grc'><strong>23</strong></span> <span class='ocrx_word' id='word_1_273' title='bbox 947 3425 1110 3493; x_wconf 69' lang='grc' dir='ltr'><strong><em>πυθόμενος</em></strong></span> <span class='ocrx_word' id='word_1_274' title='bbox 1134 3426 1163 3480; x_wconf 79' lang='grc' dir='ltr'><strong><em>ἐν</em></strong></span> <span class='ocrx_word' id='word_1_275' title='bbox 1184 3423 1308 3500; x_wconf 75' lang='grc' dir='ltr'><strong><em>Γαλατίᾳ</em></strong></span> <span class='ocrx_word' id='word_1_276' title='bbox 1331 3445 1418 3480; x_wconf 86' lang='grc' dir='ltr'><strong><em>κατα-</em></strong></span> 
     </span>
     <span class='ocr_line' id='line_1_32' title="bbox 267 3503 1420 3577; baseline 0.003 -21"><span class='ocrx_word' id='word_1_277' title='bbox 267 3513 389 3572; x_wconf 75' lang='grc' dir='ltr'><strong><em>κοπῆναι</em></strong></span> <span class='ocrx_word' id='word_1_278' title='bbox 411 3505 557 3573; x_wconf 81' lang='grc' dir='ltr'><strong><em>φάλαγγας</em></strong></span> <span class='ocrx_word' id='word_1_279' title='bbox 581 3513 754 3570; x_wconf 84' lang='grc' dir='ltr'><strong><em>στρατιωτῶν</em></strong></span> <span class='ocrx_word' id='word_1_280' title='bbox 774 3505 862 3574; x_wconf 85' lang='grc' dir='ltr'><strong><em>ώμοσε</em></strong></span> <span class='ocrx_word' id='word_1_281' title='bbox 886 3505 921 3573; x_wconf 81' lang='grc' dir='ltr'><strong>μὴ</strong></span> <span class='ocrx_word' id='word_1_282' title='bbox 945 3505 1082 3571; x_wconf 88' lang='grc' dir='ltr'><strong><em>πρότερον</em></strong></span> <span class='ocrx_word' id='word_1_283' title='bbox 1102 3503 1180 3577; x_wconf 81' lang='grc' dir='ltr'><strong><em>&lt;ἀν&gt;</em></strong></span> <span class='ocrx_word' id='word_1_284' title='bbox 1200 3505 1420 3573; x_wconf 73' lang='grc' dir='ltr'><strong><em>ἀποκείρασθαι,</em></strong></span> 
     </span>
     <span class='ocr_line' id='line_1_33' title="bbox 268 3584 1420 3656; baseline 0.005 -21"><span class='ocrx_word' id='word_1_285' title='bbox 268 3586 334 3649; x_wconf 83' lang='grc' dir='ltr'><strong><em>πρίν</em></strong></span> <span class='ocrx_word' id='word_1_286' title='bbox 359 3585 516 3648; x_wconf 73' lang='grc' dir='ltr'><strong><em>ἐπεξελθὼν</em></strong></span> <span class='ocrx_word' id='word_1_287' title='bbox 539 3592 692 3652; x_wconf 75' lang='grc' dir='ltr'><strong><em>τιμωρῆσαι</em></strong></span> <span class='ocrx_word' id='word_1_288' title='bbox 718 3594 777 3646; x_wconf 84' lang='grc' dir='ltr'><strong><em>τοῖς</em></strong></span> <span class='ocrx_word' id='word_1_289' title='bbox 801 3584 994 3656; x_wconf 88' lang='grc' dir='ltr'><strong><em>ἀνῃρημένοις.</em></strong></span> <span class='ocrx_word' id='word_1_290' title='bbox 1033 3585 1120 3656; x_wconf 70' lang='grc' dir='ltr'><strong><em>τούτῳ</em></strong></span> <span class='ocrx_word' id='word_1_291' title='bbox 1146 3584 1275 3654; x_wconf 79' lang='grc' dir='ltr'><strong><em>πλείστην</em></strong></span> <span class='ocrx_word' id='word_1_292' title='bbox 1302 3586 1420 3641; x_wconf 73' lang='grc' dir='ltr'><strong><em>εὔνοιαν</em></strong></span> 
     </span>
     <span class='ocr_line' id='line_1_34' title="bbox 268 3664 1417 3738; baseline 0.003 -22"><span class='ocrx_word' id='word_1_293' title='bbox 268 3667 343 3736; x_wconf 73' lang='grc' dir='ltr'><strong><em>αὐτῷ</em></strong></span> <span class='ocrx_word' id='word_1_294' title='bbox 367 3665 444 3730; x_wconf 81' lang='grc' dir='ltr'><strong><em>παρὰ</em></strong></span> <span class='ocrx_word' id='word_1_295' title='bbox 473 3666 587 3717; x_wconf 91' lang='grc' dir='ltr'><strong><em>πάντων</em></strong></span> <span class='ocrx_word' id='word_1_296' title='bbox 612 3664 795 3718; x_wconf 79' lang='grc' dir='ltr'><strong><em>ἐπεσπάσατο.</em></strong></span> <span class='ocrx_word' id='word_1_297' title='bbox 894 3673 992 3732; x_wconf 77' lang='grc' dir='ltr'><strong><em>19εηη.</em></strong></span> <span class='ocrx_word' id='word_1_298' title='bbox 1017 3667 1054 3718; x_wconf 83' lang='grc' dir='ltr'><strong><em>ιἰλ.</em></strong></span> <span class='ocrx_word' id='word_1_299' title='bbox 1077 3667 1154 3719; x_wconf 89' lang='lat' dir='ltr'><em>VIII</em></span> <span class='ocrx_word' id='word_1_300' title='bbox 1169 3671 1270 3731; x_wconf 78' lang='grc'><em>23,24</em></span> <span class='ocrx_word' id='word_1_301' title='bbox 1294 3667 1324 3722; x_wconf 82' lang='grc' dir='ltr'><strong><em>έν</em></strong></span> <span class='ocrx_word' id='word_1_302' title='bbox 1348 3670 1417 3738; x_wconf 82' lang='grc' dir='ltr'><strong><em>λιμῷ</em></strong></span> 
     </span>
     <span class='ocr_line' id='line_1_35' title="bbox 267 3745 1418 3817; baseline 0.006 -21"><span class='ocrx_word' id='word_1_303' title='bbox 267 3753 326 3804; x_wconf 79' lang='grc' dir='ltr'><strong><em>τοῖς</em></strong></span> <span class='ocrx_word' id='word_1_304' title='bbox 352 3747 531 3811; x_wconf 86' lang='grc' dir='ltr'><strong><em>στρατιώταις</em></strong></span> <span class='ocrx_word' id='word_1_305' title='bbox 557 3746 659 3810; x_wconf 86' lang='grc' dir='ltr'><strong><em>ἀρτους</em></strong></span> <span class='ocrx_word' id='word_1_306' title='bbox 685 3745 800 3800; x_wconf 78' lang='grc' dir='ltr'><strong><em>διέδωκε</em></strong></span> <span class='ocrx_word' id='word_1_307' title='bbox 827 3745 964 3806; x_wconf 82' lang='grc' dir='ltr'><strong><em>σκευάσας</em></strong></span> <span class='ocrx_word' id='word_1_308' title='bbox 991 3746 1019 3798; x_wconf 78' lang='grc' dir='ltr'><strong>ἐκ</strong></span> <span class='ocrx_word' id='word_1_309' title='bbox 1046 3745 1173 3815; x_wconf 80' lang='grc' dir='ltr'><strong><em>βοτάνης.</em></strong></span> <span class='ocrx_word' id='word_1_310' title='bbox 1212 3747 1360 3817; x_wconf 79' lang='grc' dir='ltr'><strong><em>Πομπήϊος</em></strong></span> <span class='ocrx_word' id='word_1_311' title='bbox 1385 3747 1418 3803; x_wconf 74' lang='grc' dir='ltr'><strong>δὲ</strong></span> 
     </span>
     <span class='ocr_line' id='line_1_36' title="bbox 268 3824 1419 3895; baseline 0.005 -19"><span class='ocrx_word' id='word_1_312' title='bbox 268 3828 394 3892; x_wconf 84' lang='grc' dir='ltr'><strong><em>πολεμῶν</em></strong></span> <span class='ocrx_word' id='word_1_313' title='bbox 419 3825 488 3890; x_wconf 87' lang='grc' dir='ltr'><strong><em>πρὸς</em></strong></span> <span class='ocrx_word' id='word_1_314' title='bbox 512 3825 597 3877; x_wconf 76' lang='grc' dir='ltr'><strong><em>αὐτὸν</em></strong></span> <span class='ocrx_word' id='word_1_315' title='bbox 622 3824 671 3878; x_wconf 72' lang='grc' dir='ltr'><strong>ἕνα</strong></span> <span class='ocrx_word' id='word_1_316' title='bbox 695 3826 780 3892; x_wconf 87' lang='grc' dir='ltr'><strong><em>ἀρτον</em></strong></span> <span class='ocrx_word' id='word_1_317' title='bbox 804 3825 1029 3895; x_wconf 78' lang='grc' dir='ltr'><strong><em>προσενεχθέντα</em></strong></span> <span class='ocrx_word' id='word_1_318' title='bbox 1052 3835 1179 3880; x_wconf 83' lang='grc' dir='ltr'><strong><em>τοιοῦτον</em></strong></span> <span class='ocrx_word' id='word_1_319' title='bbox 1200 3827 1363 3895; x_wconf 80' lang='grc' dir='ltr'><strong><em>ἀπέκρυψεν</em></strong></span> <span class='ocrx_word' id='word_1_320' title='bbox 1383 3830 1419 3882; x_wconf 77' lang='grc' dir='ltr'><strong>οὐ</strong></span> 
     </span>
     <span class='ocr_line' id='line_1_37' title="bbox 269 3904 1417 3978; baseline 0.006 -23"><span class='ocrx_word' id='word_1_321' title='bbox 269 3904 437 3974; x_wconf 72' lang='grc' dir='ltr'><strong><em>βουλόμενος</em></strong></span> <span class='ocrx_word' id='word_1_322' title='bbox 455 3913 513 3964; x_wconf 85' lang='grc' dir='ltr'><strong><em>τοῖς</em></strong></span> <span class='ocrx_word' id='word_1_323' title='bbox 538 3905 637 3958; x_wconf 75' lang='grc' dir='ltr'><strong><em>ἑαυτοῦ</em></strong></span> <span class='ocrx_word' id='word_1_324' title='bbox 658 3909 837 3973; x_wconf 83' lang='grc' dir='ltr'><strong><em>στρατιώταις</em></strong></span> <span class='ocrx_word' id='word_1_325' title='bbox 857 3908 994 3970; x_wconf 81' lang='grc' dir='ltr'><strong><em>ἐπιδεῖξαι</em></strong></span> <span class='ocrx_word' id='word_1_326' title='bbox 1017 3907 1067 3974; x_wconf 78' lang='grc' dir='ltr'><strong>την</strong></span> <span class='ocrx_word' id='word_1_327' title='bbox 1086 3915 1141 3960; x_wconf 89' lang='grc' dir='ltr'><strong>τῶν</strong></span> <span class='ocrx_word' id='word_1_328' title='bbox 1160 3905 1298 3976; x_wconf 88' lang='grc' dir='ltr'><strong><em>πολεμίων</em></strong></span> <span class='ocrx_word' id='word_1_329' title='bbox 1318 3909 1417 3978; x_wconf 81' lang='grc' dir='ltr'><strong><em>ἐγκρά-</em></strong></span> 
     </span>
     <span class='ocr_line' id='line_1_38' title="bbox 268 3986 1420 4054; baseline 0.004 -17"><span class='ocrx_word' id='word_1_330' title='bbox 268 4003 352 4037; x_wconf 83' lang='grc' dir='ltr'><strong><em>τειαν.</em></strong></span> <span class='ocrx_word' id='word_1_331' title='bbox 392 3987 477 4038; x_wconf 80' lang='lat' dir='ltr'><strong>Scbol.</strong></span> <span class='ocrx_word' id='word_1_332' title='bbox 490 3987 598 4039; x_wconf 74' lang='lat' dir='ltr'><strong>Letoon.</strong></span> <span class='ocrx_word' id='word_1_333' title='bbox 616 3988 658 4038; x_wconf 75' lang='lat'><strong>1&#39;1</strong></span> <span class='ocrx_word' id='word_1_334' title='bbox 671 3991 723 4038; x_wconf 86' lang='grc'><strong>112</strong></span> <span class='ocrx_word' id='word_1_335' title='bbox 735 3988 775 4040; x_wconf 90' lang='lat' dir='ltr'><strong>W.</strong></span> <span class='ocrx_word' id='word_1_336' title='bbox 792 3986 887 4040; x_wconf 87' lang='lat' dir='ltr'><strong>Celsus</strong></span> <span class='ocrx_word' id='word_1_337' title='bbox 903 3989 931 4052; x_wconf 77' lang='grc' dir='ltr'><strong>μ’.</strong></span> <span class='ocrx_word' id='word_1_338' title='bbox 949 3988 1022 4040; x_wconf 76' lang='lat' dir='ltr'><strong>Care.</strong></span> <span class='ocrx_word' id='word_1_339' title='bbox 1034 3989 1057 4039; x_wconf 87' lang='lat' dir='ltr'><strong>b.</strong></span> <span class='ocrx_word' id='word_1_340' title='bbox 1070 4003 1090 4040; x_wconf 87' lang='lat' dir='ltr'><strong>c.</strong></span> <span class='ocrx_word' id='word_1_341' title='bbox 1103 3989 1156 4039; x_wconf 88' lang='grc' dir='ltr'><strong>ΙΙΙ</strong></span> <span class='ocrx_word' id='word_1_342' title='bbox 1164 3989 1209 4054; x_wconf 70' lang='grc'><strong>47)</strong></span> <span class='ocrx_word' id='word_1_343' title='bbox 1225 3991 1253 4041; x_wconf 90' lang='lat' dir='ltr'><strong>et</strong></span> <span class='ocrx_word' id='word_1_344' title='bbox 1268 3987 1420 4042; x_wconf 86' lang='lat' dir='ltr'><strong>Suetonius</strong></span> 
     </span>
     <span class='ocr_line' id='line_1_39' title="bbox 269 4065 1418 4134; baseline 0.007 -19"><span class='ocrx_word' id='word_1_345' title='bbox 269 4065 338 4117; x_wconf 85' lang='lat' dir='ltr'><strong>dicit</strong></span> <span class='ocrx_word' id='word_1_346' title='bbox 357 4066 432 4132; x_wconf 86' lang='lat' dir='ltr'><strong>quod</strong></span> <span class='ocrx_word' id='word_1_347' title='bbox 448 4065 549 4117; x_wconf 76' lang='lat' dir='ltr'><strong>Caesar</strong></span> <span class='ocrx_word' id='word_1_348' title='bbox 563 4065 663 4118; x_wconf 85' lang='lat' dir='ltr'><strong>habuit</strong></span> <span class='ocrx_word' id='word_1_349' title='bbox 683 4067 752 4118; x_wconf 85' lang='lat' dir='ltr'><strong>fidos</strong></span> <span class='ocrx_word' id='word_1_350' title='bbox 768 4066 872 4119; x_wconf 85' lang='lat' dir='ltr'><strong>milites</strong></span> <span class='ocrx_word' id='word_1_351' title='bbox 889 4071 917 4118; x_wconf 90' lang='lat' dir='ltr'><strong>ot</strong></span> <span class='ocrx_word' id='word_1_352' title='bbox 931 4066 1151 4134; x_wconf 86' lang='lat' dir='ltr'><strong>patientissimos</strong></span> <span class='ocrx_word' id='word_1_353' title='bbox 1169 4068 1418 4124; x_wconf 89' lang='lat' dir='ltr'><strong>incommodorum.</strong></span> 
     </span>
    </p>
   </div>
   <div class='ocr_carea' id='block_1_5' title="bbox 267 4227 1424 4520">
    <p class='ocr_par' dir='ltr' id='par_1_9' title="bbox 267 4227 1424 4520">
     <span class='ocr_line' id='line_1_40' title="bbox 340 4227 1416 4298; baseline 0.005 -20"><span class='ocrx_word' id='word_1_354' title='bbox 340 4231 354 4278; x_wconf 86' lang='lat'>3</span> <span class='ocrx_word' id='word_1_355' title='bbox 374 4227 488 4293; x_wconf 89' lang='lat' dir='ltr'><strong>punitor</strong></span> <span class='ocrx_word' id='word_1_356' title='bbox 507 4244 574 4280; x_wconf 77' lang='grc' dir='ltr'><strong><em>οοιϊ,</em></strong></span> <span class='ocrx_word' id='word_1_357' title='bbox 591 4244 624 4280; x_wconf 80' lang='grc' dir='ltr'><strong>ια</strong></span> <span class='ocrx_word' id='word_1_358' title='bbox 643 4227 772 4294; x_wconf 87' lang='lat' dir='ltr'><strong>poenitor</strong></span> <span class='ocrx_word' id='word_1_359' title='bbox 789 4230 825 4280; x_wconf 79' lang='grc' dir='ltr'><strong>λλ</strong></span> <span class='ocrx_word' id='word_1_360' title='bbox 837 4231 880 4295; x_wconf 75' lang='grc' dir='ltr'><strong><em>(ιιι.</em></strong></span> <span class='ocrx_word' id='word_1_361' title='bbox 894 4231 932 4295; x_wconf 80' lang='lat'><strong>1),</strong></span> <span class='ocrx_word' id='word_1_362' title='bbox 951 4228 1081 4295; x_wconf 87' lang='lat' dir='ltr'><strong>poenitor</strong></span> <span class='ocrx_word' id='word_1_363' title='bbox 1096 4229 1126 4294; x_wconf 86' lang='lat' dir='ltr'><strong>V,</strong></span> <span class='ocrx_word' id='word_1_364' title='bbox 1150 4229 1261 4298; x_wconf 67' lang='lat' dir='ltr'><strong>penitor</strong></span> <span class='ocrx_word' id='word_1_365' title='bbox 1274 4231 1297 4282; x_wconf 73' lang='grc' dir='ltr'><strong>(ι’</strong></span> <span class='ocrx_word' id='word_1_366' title='bbox 1371 4246 1416 4283; x_wconf 89' lang='lat' dir='ltr'><strong>co-</strong></span> 
     </span>
     <span class='ocr_line' id='line_1_41' title="bbox 267 4305 1424 4378; baseline 0.007 -22"><span class='ocrx_word' id='word_1_367' title='bbox 267 4305 384 4358; x_wconf 84' lang='lat' dir='ltr'><strong>niuebat</strong></span> <span class='ocrx_word' id='word_1_368' title='bbox 403 4307 475 4371; x_wconf 80' lang='lat' dir='ltr'><strong>llll,</strong></span> <span class='ocrx_word' id='word_1_369' title='bbox 496 4307 646 4358; x_wconf 81' lang='lat' dir='ltr'><strong>conibebat</strong></span> <span class='ocrx_word' id='word_1_370' title='bbox 663 4310 697 4360; x_wconf 63' lang='lat' dir='ltr'><strong>,tl</strong></span> <span class='ocrx_word' id='word_1_371' title='bbox 704 4309 737 4373; x_wconf 86' lang='lat' dir='ltr'><strong>V,</strong></span> <span class='ocrx_word' id='word_1_372' title='bbox 762 4306 913 4360; x_wconf 84' lang='lat' dir='ltr'><strong>cohibebat</strong></span> <span class='ocrx_word' id='word_1_373' title='bbox 931 4308 1055 4375; x_wconf 74' lang='lat' dir='ltr'><em>GQXN</em></span> <span class='ocrx_word' id='word_1_374' title='bbox 1057 4310 1074 4360; x_wconf 94' lang='grc' dir='ltr'><strong><em>δ</em></strong></span> <span class='ocrx_word' id='word_1_375' title='bbox 1146 4316 1163 4361; x_wconf 75' lang='lat'>4</span> <span class='ocrx_word' id='word_1_376' title='bbox 1183 4325 1307 4378; x_wconf 83' lang='lat' dir='ltr'><strong>pugnam</strong></span> <span class='ocrx_word' id='word_1_377' title='bbox 1326 4325 1375 4363; x_wconf 87' lang='grc' dir='ltr'><strong><em>οιιι.</em></strong></span> <span class='ocrx_word' id='word_1_378' title='bbox 1396 4312 1424 4364; x_wconf 64' lang='grc' dir='ltr'><strong><em>λ’</em></strong></span> 
     </span>
     <span class='ocr_line' id='line_1_42' title="bbox 268 4385 1419 4454; baseline 0.005 -18"><span class='ocrx_word' id='word_1_379' title='bbox 268 4393 282 4436; x_wconf 77' lang='grc' dir='ltr'><strong><em>υ</em></strong></span> <span class='ocrx_word' id='word_1_380' title='bbox 303 4385 361 4437; x_wconf 85' lang='lat' dir='ltr'><strong>litis</strong></span> <span class='ocrx_word' id='word_1_381' title='bbox 376 4387 491 4454; x_wconf 73' lang='lat' dir='ltr'><strong>Bentley</strong></span> <span class='ocrx_word' id='word_1_382' title='bbox 566 4393 597 4438; x_wconf 81' lang='lat'><strong>12</strong></span> <span class='ocrx_word' id='word_1_383' title='bbox 618 4389 646 4438; x_wconf 89' lang='lat' dir='ltr'><strong>et</strong></span> <span class='ocrx_word' id='word_1_384' title='bbox 665 4394 724 4454; x_wconf 84' lang='lat' dir='ltr'><strong>post</strong></span> <span class='ocrx_word' id='word_1_385' title='bbox 742 4387 915 4440; x_wconf 87' lang='lat' dir='ltr'><strong>uindicasset</strong></span> <span class='ocrx_word' id='word_1_386' title='bbox 933 4389 997 4441; x_wconf 82' lang='lat' dir='ltr'><strong>add.</strong></span> <span class='ocrx_word' id='word_1_387' title='bbox 1015 4390 1052 4441; x_wconf 82' lang='lat' dir='ltr'><em>M</em></span> <span class='ocrx_word' id='word_1_388' title='bbox 1124 4393 1155 4441; x_wconf 78' lang='lat'><strong>15</strong></span> <span class='ocrx_word' id='word_1_389' title='bbox 1176 4393 1204 4442; x_wconf 91' lang='lat' dir='ltr'><strong>et</strong></span> <span class='ocrx_word' id='word_1_390' title='bbox 1223 4390 1272 4442; x_wconf 83' lang='lat' dir='ltr'><strong>del.</strong></span> <span class='ocrx_word' id='word_1_391' title='bbox 1293 4391 1337 4443; x_wconf 81' lang='lat' dir='ltr'><strong>nel</strong></span> <span class='ocrx_word' id='word_1_392' title='bbox 1349 4393 1419 4444; x_wconf 81' lang='lat' dir='ltr'><strong>scri-</strong></span> 
     </span>
     <span class='ocr_line' id='line_1_43' title="bbox 267 4466 800 4520; baseline 0.009 -6"><span class='ocrx_word' id='word_1_393' title='bbox 267 4466 380 4518; x_wconf 80' lang='grc' dir='ltr'><strong><em>Ικιιιλιιιιι</em></strong></span> <span class='ocrx_word' id='word_1_394' title='bbox 401 4466 429 4517; x_wconf 92' lang='lat' dir='ltr'><strong>id</strong></span> <span class='ocrx_word' id='word_1_395' title='bbox 451 4471 491 4518; x_wconf 84' lang='lat' dir='ltr'><strong>est</strong></span> <span class='ocrx_word' id='word_1_396' title='bbox 512 4474 597 4520; x_wconf 74' lang='lat' dir='ltr'><strong>censet</strong></span> <span class='ocrx_word' id='word_1_397' title='bbox 618 4467 800 4520; x_wconf 52' lang='lat' dir='ltr'><strong>ottanum·</strong></span> 
     </span>
    </p>
   </div>
   <div class='ocr_carea' id='block_1_6' title="bbox 0 0 1576 5112">
    <p class='ocr_par' dir='ltr' id='par_1_10' title="bbox 0 0 1576 5112">
     <span class='ocr_line' id='line_1_44' title="bbox 0 0 1576 5112; baseline 0 2"><span class='ocrx_word' id='word_1_398' title='bbox 0 0 1576 5112; x_wconf 95' lang='lat' dir='ltr'><strong> </strong></span> 
     </span>
    </p>
   </div>
  </div>
 </body>
</html>
