3142 5112
468 343 578 398 DlVVS
597 345 788 400 Avavsrvs
808 358 873 406 [car.
890 358 977 406 sr-sa]
1256 345 1299 410 63

149 528 229 571 nuos
252 529 379 572 menses
403 507 503 571 barba
527 509 708 592 capilloque
732 509 905 574 summisso
928 513 1025 593 caput
1043 509 1203 573 interdum
1224 508 1300 572 fori-

150 614 209 677 bus
237 614 376 678 illideret
403 614 599 680 uociierans:
633 614 801 690 Quintili
825 613 936 698 Varo,
970 615 1144 702 legiones
1173 613 1299 679 redde!

151 721 296 803 diemque
320 720 420 786 cladis
444 723 618 804 quotannis
642 727 799 788 maestum
822 722 973 787 habuerit
996 744 1032 786 ac
1056 721 1235 808 lugubrem.

236 826 275 890 In
303 849 336 890 re
366 827 499 892 militari
527 832 559 892 et
588 829 803 892 commutauit
829 830 932 892 multa
965 832 997 892 et
1026 829 1170 892 instituit
1202 827 1352 911 atque24

124 935 244 998 setiam
274 933 315 996 ad
342 935 511 1018 antiquum
541 956 663 998 morem
691 934 848 999 nonnulla
876 936 1051 999 reuocauit.
1097 933 1298 1017 disciplinam

149 1041 349 1104 seuerissime
372 1041 464 1104 rexit.
495 1061 535 1106 ne
553 1041 735 1126 legatomm
755 1040 883 1124 quidem
902 1043 1062 1125 cuiquam,
1085 1043 1147 1105 nisi
1167 1045 1299 1126 manate

148 1146 355 1230 hibernisque
388 1146 515 1211 demum
548 1148 725 1230 mensibus,
758 1149 903 1231 permisit
936 1168 1068 1212 uxorem
1101 1149 1298 1212 interuisere.

148 1255 289 1334 equitem
323 1251 360 1316 R.
366 1305 375 1336 ,
413 1253 499 1337 quod
537 1254 662 1318 duobus
699 1255 775 1318 filiis
817 1253 1075 1318 adulescentibus
1117 1275 1213 1317 causa
1249 1253 1300 1316 de-

148 1360 307 1423 trectandi
330 1362 521 1424 sacramenti
544 1361 679 1443 pollices
702 1365 910 1445 amputasset,
934 1363 1040 1445 ipsum
1059 1361 1207 1444 bonaque
1227 1360 1300 1424 sub·

115 1490 137 1528 1⁰
150 1466 225 1529 iecit
245 1465 369 1551 hastae3
394 1489 489 1550 quem
508 1472 626 1552 tamen,
650 1468 737 1551 quod
755 1467 910 1532 inminere
929 1468 1085 1552 emptioni
1108 1467 1299 1551 publicanos

150 1572 288 1656 uidebat,
312 1573 429 1637 liberto
455 1596 513 1638 suo
538 1574 670 1659 addixit,
693 1579 730 1638 ut
754 1575 930 1660 relegatum
950 1575 983 1638 in
1003 1595 1098 1660 agros
1117 1597 1177 1658 pro
1196 1574 1299 1638 libero

150 1701 218 1743 esse
245 1679 373 1744 sineret.
420 1679 575 1745 decimam
602 1682 762 1768 legionem
792 1681 1012 1746 contumacius
1037 1685 1203 1764 parentem
1227 1699 1334 1745 cuma

110 1865 112 1868 y
150 1786 327 1872 ignominia
359 1792 462 1851 totam
495 1788 633 1873 dimisit,
670 1790 747 1852 item
780 1787 859 1852 alias
893 1787 1081 1852 immodeste
1114 1787 1299 1852 missionem

149 1891 350 1973 postulantes
378 1893 458 1958 citra
487 1895 655 1958 commoda
683 1895 889 1959 emeritorum
912 1894 1126 1979 praemiorum
1151 1899 1300 1958 exaucto-

117 2021 138 2061 u
151 1999 242 2062 rauit.
291 1999 455 2084 cohortes,
488 2002 515 2064 si
548 2023 629 2084 quae
657 2001 827 2065 cessissent
859 2002 945 2085 loce,
978 2001 1151 2066 decimatas
1180 1999 1299 2064 hordeo
1364 2035 1365 2038 ¹

150 2106 246 2184 pauit.
290 2107 493 2170 centuriones
523 2110 662 2172 statione
691 2108 829 2192 deserta,
859 2107 972 2172 itidem
1004 2112 1041 2171 ut
1074 2105 1300 2190 manipulares,

152 2211 279 2291 capitali
309 2212 586 2278 animaduersione
608 2213 729 2298 puniit,
756 2236 816 2298 pro
841 2218 947 2279 cetero
970 2214 1158 2278 delictorum
1184 2234 1300 2298 genere

150 2318 248 2381 uariis
272 2319 448 2404 ignominis
468 2321 595 2404 adfecit,
619 2325 656 2385 ut
674 2325 761 2384 stare
779 2342 837 2404 per
855 2325 961 2384 totum
981 2320 1064 2384 diem
1083 2319 1207 2383 iuberet
1226 2323 1300 2382 ante

151 2425 361 2510 praetorium,
393 2427 554 2492 interdum
583 2429 745 2492 tunicatos
774 2428 1025 2512 discinctosque,
1056 2448 1299 2509 nonnumquam

117 2551 141 2590 u
154 2551 223 2594 cum
257 2531 470 2618 decempediS,
507 2534 561 2598 uel
591 2536 688 2598 etiam
722 2536 938 2618 c<a>espitem
970 2537 1147 2617 portantes.
1197 2533 1352 2616 neque⁸25

152 2636 224 2718 pos't
247 2638 332 2702 bella
356 2639 464 2704 ciuilia
488 2641 601 2705 autin
629 2642 780 2705 contione
804 2646 859 2705 aut
887 2663 944 2724 per
967 2639 1108 2704 edictum
1136 2639 1220 2704 ullos
1243 2640 1302 2703 mi-

152 2744 243 2809 litum
277 2748 512 2812 commilitones
545 2747 743 2832 appellabat,
780 2748 836 2811 sed
867 2747 1000 2829 milites,
1033 2769 1069 2810 ac
1100 2768 1141 2810 ne
1174 2768 1192 2809 a
1224 2746 1300 2809 filiis

153 2853 279 2932 quidem
308 2857 363 2916 aut
391 2854 551 2940 priuignis
580 2856 645 2918 suis
678 2854 814 2937 imperio
843 2852 996 2938 praeditis
1025 2852 1118 2916 aliter
1146 2853 1301 2936 appellari

152 2978 265 3038 passus
293 2963 355 3044 est,
384 2959 588 3024 ambitiosius
617 2959 650 3023 id
677 2959 878 3046 existimans,
908 2982 1004 3044 quam
1032 2962 1088 3022 aut
1111 2957 1195 3022 ratio
1218 2957 1301 3021 mili-

117 3080 140 3122 rs
152 3065 230 3128 teris
258 3070 314 3130 aut
344 3070 527 3151 temporum
555 3067 646 3151 quies
674 3070 731 3130 aut
759 3088 816 3130 sua
844 3066 1022 3149 domusque
1051 3087 1126 3129 suae
1149 3064 1300 3128 maiestas

224 3301 255 3347 15
277 3297 409 3364 Polydoro.
432 3296 637 3360 V11124,1.2
662 3294 803 3364 Σεβαστὸς
820 3294 886 3359 τοὺς
906 3294 935 3348 ἐν
953 3303 1016 3355 ταῖς
1038 3293 1141 3364 μάχαις
1159 3297 1300 3361 καθυφιε-

152 3371 251 3439 μένους
274 3375 325 3428 οὐκ
349 3373 447 3446 ἀνῄρει
470 3374 591 3438 πάντας,
620 3370 680 3428 ἀλλ’
698 3373 868 3430 ἐδενάτευεν.
912 3374 1054 3443 Σεβαστὸς
1080 3383 1139 3435 τοῖς
1167 3372 1215 3427 διὰ
1243 3375 1300 3426 δει-

152 3449 214 3506 λίαν
238 3454 456 3522 ἀπολιπομένοις
479 3454 583 3521 spebus
611 3455 674 3508 ἀντὶ
697 3463 794 3522 πυρῶν
823 3453 930 3508 ἐκέλευε
959 3458 1130 3522 μετρεῖσθαι.
1205 3459 1237 3506 18
1262 3454 1299 3506 id.

158 3533 236 3587 VIII
248 3538 331 3600 24,3
353 3535 419 3597 τοὺς
442 3535 487 3590 ἐπὶ
511 3531 701 3601 στρατοπέδου
724 3553 751 3587 τι
774 3533 950 3603 ἁμαρτόντας
975 3533 1191 3603 (διαμαρτόντας
1214 3535 1300 3603 canly.)

153 3610 274 3667 ἐκέλευσε
292 3614 347 3681 πρὸ
362 3622 412 3667 τοῦ
427 3612 607 3683 στρατηγείου
622 3616 787 3678 λνστζώνονς
802 3613 923 3679 ἑστάναι,
944 3615 999 3668 ἔστι
1014 3613 1045 3667 db
1061 3611 1105 3668 ὅτε
1120 3615 1168 3667 καὶ
1183 3617 1300 3667 πλινθο-

154 3702 253 3759 φορεῑν
273 3690 315 3749 δι’
334 3689 398 3763 ὅλης
415 3693 527 3764 ἡμέρας.
602 3700 635 3746 20
647 3711 706 3762 sqq.
727 3695 805 3762 Epir.
821 3699 896 3760 1,14
920 3694 1054 3747 auunculi
1073 3710 1184 3762 quoque
1203 3693 1301 3747 inuen-

152 3775 211 3824 tum
230 3773 412 3828 uehementer
426 3774 573 3844 arguebat,
593 3773 642 3842 qui
655 3773 761 3827 milites
776 3773 981 3828 commilitones
996 3817 1002 3827 .
1015 3817 1038 3828 ..
1055 3773 1202 3842 appellans
1218 3774 1299 3844 (Suet.

152 3853 205 3906 Iul.
222 3855 276 3922 67),
296 3854 363 3905 dum
382 3853 497 3908 affectat
516 3854 607 3907 carior
626 3853 694 3922 fieri,
715 3853 914 3907 auctoritatem
932 3853 1067 3922 principis
1088 3852 1272 3907 emolliuerat.

225 4066 374 4134 dquidem
393 4083 442 4120 om.
460 4067 508 4119 Μ1
579 4070 699 4136 grauato
716 4068 771 4121 GT
841 4067 988 4119 ldomum
1005 4069 1042 4120 M
1117 4072 1150 4118 10
1169 4032 1301 4120 inmiiiire

152 4147 180 4212 (n
194 4164 227 4199 να.
238 4149 266 4212 2)
278 4149 315 4201 M
338 4148 404 4216 (uox
425 4148 521 4200 iuncto
541 4148 684 4215 sequenti),
703 4146 850 4200 imminere
872 4149 926 4215 (uel
943 4149 1005 4216 im)
1021 4148 1066 4200 rel.
1158 4146 1300 4215 emptione

154 4227 189 4278 M
193 4227 311 4280 VLPS¹
375 4232 406 4278 12
422 4244 485 4279 curn
502 4244 552 4280 ονα.
565 4229 627 4282 MG
635 4228 794 4295 VLdeu.
806 4226 894 4292 L³P²,
913 4228 993 4281 babet
1003 4227 1035 4280 N
1037 4229 1055 4297 ),
1067 4227 1203 4280 audacius
1216 4228 1302 4292 fuerit

152 4303 307 4373 ignominia
325 4309 466 4372 notatam,
490 4306 644 4376 ignominie
663 4309 756 4359 tutam
779 4309 922 4374 temptauit
941 4313 1073 4362 corrector·
1091 4309 1109 4360 d
1127 4308 1172 4375 (cf.
1190 4308 1300 4374 Catule)

154 4391 185 4437 14
203 4385 391 4455 praemiorum
406 4404 456 4441 ern.
470 4387 492 4456 Q
506 4389 607 4457 (Torr.)
686 4393 717 4439 17
738 4387 905 4440 delictorum
920 4391 1008 4440 omT
1084 4393 1116 4440 22
1137 4387 1301 4457 appellabat

154 4465 303 4532 HRP²ST,
312 4466 439 4536 appellat
446 4467 661 4535 MGVLP196,
670 4466 827 4536 appellauit
837 4468 952 4520 Solorius.
992 4474 1024 4519 23
1036 4467 1151 4521 alterM
1155 4467 1171 4534 ¹,
1182 4470 1264 4520 ocull
1268 4468 1302 4536 Ὦ
