3108 5102
518 389 746 444 DOMITIANVS
766 400 831 451 [cnr.
847 401 921 451 a—11]
1227 390 1292 454 343

131 553 385 618 matrimonium
408 552 629 637 responderat:
653 554 696 636 μὴ
720 552 774 618 καὶ
799 556 842 618 σὺ
866 563 1010 638 γαμῆσαι
1030 552 1201 636 θέλ<ε>ις;
1226 552 1330 620 Sal-a

130 659 232 724 uinm
258 657 479 743 Cocceianum,
504 660 589 743 quod
614 658 752 724 Othonis
776 659 981 744 imperatoris
1004 661 1110 746 patrui
1135 661 1184 737 sui
1207 661 1293 726 diem

128 765 281 830 natalem
317 766 546 851 celebrauerat;
578 766 730 832 Mettium
760 765 1024 852 Pompusianum,
1056 768 1143 851 quod
1175 767 1294 833 habere

132 873 383 956 imperatoriam
407 873 551 959 genesim
575 873 674 958 uulgo
697 872 861 978 ferebatur
888 877 922 936 et
949 873 1034 956 quod
1059 873 1221 957 depictum
1245 897 1293 938 or-

96 981 216 1046 ebem
240 981 375 1044 terrae
366 1001 400 1044 rn
423 978 654 1062 membranas]
679 945 910 1064 coirtioiresque
929 1002 1041 1066 regum
1062 1001 1099 1048 uc
1116 982 1235 1046 ducum
1254 1004 1293 1046 ex

131 1085 217 1150 Tito
183 1086 339 1152 tLiuio
369 1086 588 1151 circumferret
574 1087 766 1171 tquodque
794 1088 897 1151 seruis
925 1088 1056 1152 nomina
1083 1071 1233 1173 Magonis
1259 1093 1294 1152 et

127 1193 335 1258 Hannibalis
349 1193 532 1278 indidisset,
543 1191 737 1258 Sallustium
754 1193 925 1258 Ilucullum
939 1193 1126 1258 Britanniae
1139 1195 1293 1278 legatum,

133 1301 228 1383 quod
256 1298 383 1364 lanceas
411 1319 515 1366 nouae
538 1301 662 1366 formae
685 1299 840 1384 appellari
864 1299 1035 1365 Luculleas
1058 1321 1172 1383 passus
1196 1304 1292 1383 esset,

131 1405 269 1471 Iunium
303 1406 486 1488 Rusticum,
524 1406 610 1490 quod
642 1405 735 1471 Paeti
765 1406 924 1472 Thraseae
962 1411 993 1470 et
1025 1405 1158 1475 Heluidi
1190 1406 1292 1486 Prisci

83 1540 115 1580 ιο
132 1512 265 1632 laudes
279 1513 431 1578 edidisset
417 1513 715 1632 tappcllassetque
743 1535 797 1578 eos
822 1514 1043 1578 sanctissimos
1071 1515 1171 1598 uiros,
1200 1515 1291 1579 cuius

131 1725 197 1792 uit.
240 1727 358 1792 occidit
344 1730 419 1791 tet
446 1667 631 1792 lleluidium
657 1727 775 1810 filium,
800 1727 892 1810 quasi
915 1699 1069 1792 scaenico
1088 1725 1205 1793 enodio
1231 1659 1327 1795 subl

131 1855 277 1918 persona
291 1832 416 1898 Paridis
431 1838 464 1898 et
450 1831 620 1898 tOenones
635 1834 751 1898 diuort'
729 1836 810 1898 trum
825 1853 919 1898 suum
934 1856 1008 1899 cum
1022 1855 1122 1898 uxore
1136 1823 1324 1919 turnasset,

130 1939 289 2004 Flauium
304 1938 460 2005 Sabinum
479 1942 616 2006 alterurn
635 1962 652 2004 e
667 1940 875 2024 patruelibus,
895 1941 982 2023 quod
996 1963 1069 2006 eum
1084 1943 1290 2006 comitiorum

83 2072 116 2116 rs
133 2047 358 2112 consularium
387 2048 438 2111 die
466 2048 660 2112 destinatum
693 2067 858 2131 perperam
887 2069 1001 2130 praeco
1029 2068 1095 2112 non
1123 2051 1290 2114 consulem

132 2154 178 2218 ad
201 2154 368 2238 populum,
392 2154 448 2218 sed
471 2153 699 2238 imperatorem
722 2153 971 2237 pronuntiasset.

228 2260 349 2326 Verum
374 2260 540 2344 aliquanto
559 2263 635 2344 post
659 2260 764 2325 ciuilis
784 2261 861 2326 belli
881 2261 1051 2326 uictoriam
1072 2262 1206 2345 saeuior,
1224 2261 1289 2346 ple·
1310 2282 1325 2330 5

131 2389 257 2451 rosque
284 2369 385 2451 partis
413 2367 580 2449 aduersae,
607 2366 682 2431 dum
714 2368 810 2431 etiam
833 2369 965 2433 latentis
989 2369 1135 2433 conscios
1158 2369 1289 2434 inuesti-

131 2474 254 2560 gat[o],
275 2496 362 2540 nouo
387 2473 584 2559 quaestionis
609 2495 725 2559 genere
740 2475 886 2540 distorsit
900 2475 1044 2539 immisso
1060 2495 1118 2560 per
1131 2476 1290 2541 obscaena

86 2606 117 2652 so
132 2583 227 2669 igne,
253 2581 419 2646 nonnullis
450 2585 483 2645 et
510 2603 623 2645 manus
653 2583 842 2666 amputauit.
890 2581 1030 2664 satisque
1059 2588 1186 2648 constat
1210 2583 1288 2648 duos

133 2689 224 2754 solos
255 2712 272 2753 e
302 2688 485 2753 notioribus
502 2676 609 2752 ‘uenia
640 2688 791 2772 donatos,
817 2688 993 2756 ,tribunum
1026 2690 1226 2754 laticlauium
1258 2694 1289 2755 et

132 2797 368 2880 centurionem,
392 2796 447 2879 qui
472 2816 514 2879 se,
539 2817 602 2879 quo
626 2795 753 2860 facilius
778 2799 924 2879 expertes
944 2783 1289 2882 culpae'ostenderent,

132 2904 318 2988 impudicos
348 2902 565 2987 probauerant
595 2907 628 2966 et
658 2903 699 2967 ob
731 2903 764 2965 id
796 2924 899 2986 neque
930 2903 1016 2987 apud
1044 2903 1157 2968 ducem
1184 2925 1288 2987 neque

133 3010 223 3095 apud
247 3010 365 3076 milites
389 3009 488 3074 ullius
511 3009 668 3084 momenti
691 3031 760 3074 esse
783 3011 936 3093 potuisse.

88 3144 117 3186 ss
227 3116 306 3181 ldrat
331 3121 437 3181 sutem
460 3137 526 3180 uon
549 3114 654 3180 solum
674 3137 818 3201 magnae,
842 3116 897 3179 sed
916 3117 1012 3180 etiarn
1031 3115 1164 3180 callidae
1183 3117 1285 3200 inopi·

135 3227 301 3306 nataeque
325 3224 486 3288 saeuitiae.
532 3222 726 3306 a[u]ctorem
751 3245 947 3287 summarum
972 3222 1076 3306 pridie
1091 3244 1187 3306 quam
1202 3223 1289 3288 cruci

133 3333 252 3417 figeret
280 3332 314 3394 in
342 3329 527 3394 cubiculum
555 3330 699 3412 uocauit,
726 3328 865 3394 assidere
894 3331 928 3393 in
955 3334 1026 3394 toro
1055 3330 1145 3394 iuxta
1172 3331 1288 3416 coegit,

209 3502 241 3550 17
262 3495 340 3565 Epic,
356 3501 398 3562 11,
417 3501 453 3550 10
477 3513 532 3564 quo
551 3496 695 3564 (Antonio)
716 3537 722 3549 .
742 3538 748 3550 .
769 3539 775 3550 .
795 3495 854 3550 acie
883 3498 971 3550 strato
999 3496 1176 3550 Domitianus
1202 3496 1286 3566 longe

132 3578 252 3633 taetrior
270 3578 300 3629 in
319 3575 400 3630 omne
420 3577 565 3629 hominum
584 3590 685 3646 genus,
707 3577 793 3630 etiarn
812 3576 841 3629 in
861 3593 924 3631 suos
943 3576 1064 3630 ferarum
1084 3593 1160 3630 more
1180 3593 1287 3646 grassa-

132 3658 220 3712 batur
239 3658 283 3725 (cf.
300 3656 359 3712 Col.
374 3660 427 3724 34).

209 3808 773 3876 1(berbicibuariecorruptumium
839 3808 990 3861 3metium
1007 3807 1107 3862 YS¹Td
1170 3823 1287 3878 pompo-

133 3890 245 3943 sianum
253 3889 287 3953 u,
306 3905 374 3943 corr.
389 3889 463 3942 Roth
481 3890 539 3942 coll.
561 3888 687 3956 Vesp.14
796 3894 812 3941 5
831 3887 994 3942 membrana
1013 3889 1176 3955 Scriverius,
1200 3906 1287 3941 mem-

134 3969 230 4022 branis
245 3985 262 4027 ς
277 3969 435 4036 (Beroald.),
450 3968 613 4021 membrana
627 3967 764 4040 s<ecum>
779 3969 847 4023 Orod.
913 3974 928 4020 6
948 3967 1125 4040 hannonislG
1193 3973 1207 4020 9
1227 3969 1287 4036 peti

135 4050 208 4104 Gra
223 4048 386 4117 (pethitrasc
402 4050 438 4116 ὃ),
456 4049 530 4118 petit
545 4051 587 4113 M,
606 4048 713 4117 petitus
728 4050 788 4103 XN
864 4050 892 4101 et
910 4047 1037 4119 Heluidi]
1057 4049 1091 4114 cs.
1109 4050 1198 4114 Mace,
1214 4049 1285 4104 Suet.

131 4147 161 4197 p.
177 4133 230 4183 413
287 4133 318 4181 lo
334 4127 546 4197 appellasetque
558 4131 600 4194 M,
615 4130 776 4197 -aretqueo
832 4134 864 4183 12
880 4129 955 4197 quod
969 4129 1050 4198 qnasi
1067 4127 1103 4181 T'
1158 4134 1191 4182 13
1206 4145 1287 4196 para·

134 4209 179 4262 dis
195 4210 232 4264 M
310 4214 341 4261 17
362 4208 441 4262 ciuili
456 4210 491 4261 M
496 4209 504 4239 ¹
586 4215 619 4262 18
640 4209 745 4262 dudum
767 4209 829 4264 Y'O
907 4209 1027 4264 latentes
1045 4208 1146 4276 ΤὈΝ,
1164 4208 1286 4263 fatentes

135 4290 252 4358 Bentley
324 4290 450 4343 conscios
469 4290 519 4343 del.
538 4291 614 4342 Torr.
679 4289 833 4358 inuestigat
852 4291 1006 4359 Stephanus
1025 4293 1085 4358 (per
1100 4289 1224 4343 conscios
1244 4290 1285 4342 in-

133 4369 291 4439 castigatos
307 4371 434 4438 Oasuub.)
498 4375 530 4422 19
549 4368 631 4422 torsit
648 4370 765 4439 Bentley
825 4377 857 4424 21
878 4369 1074 4442 auctioribus]
1090 4369 1285 4423 remotioribus

135 4451 171 4516 R,
186 4466 201 4502 e
215 4449 411 4504 remotioribus
422 4452 519 4518 (reme
530 4448 659 4518 11¹)HQs
721 4449 847 4504 tribunos
864 4453 895 4515 Τ,
910 4468 956 4508 -us
974 4451 998 4504 Τ
1051 4455 1085 4502 23
1099 4449 1222 4502 iudicem
1231 4451 1286 4506 PR

135 4534 169 4582 26
189 4533 312 4584 actorem
330 4531 406 4584 Torr.
425 4528 491 4598 (52),
511 4529 686 4582 auctorem-lt
760 4534 792 4582 27
813 4530 930 4598 figerent
944 4531 982 4596 N,
1002 4528 1145 4598 suffigeret
1171 4529 1286 4585 [Ji-staur
