3108 5102
263 313 328 378 298
610 312 638 367 O.
659 312 817 367 SVETONI
836 311 1059 378 TRANQVILLI

227 495 244 542 a
352 474 587 542 Aduenientem
621 473 704 539 male
740 475 899 540 animatus
935 498 1012 561 erga
1045 477 1223 560 principem
1255 476 1413 542 exercitus
1521 465 1522 552 l

263 605 447 668 pronusque
480 583 520 646 ad
551 603 603 646 res
629 603 732 646 nouas
759 582 863 646 libens
891 604 928 647 ac
958 583 1083 666 supinis
1110 583 1260 647 manibus
1289 585 1414 667 excepit

263 690 353 754 uelut
376 690 461 754 dono
485 689 580 756 deum
604 688 758 773 oblatum,
782 693 831 753 ter
855 690 995 753 consulis
1018 691 1132 773 filium,
1155 694 1259 754 aetate
1279 691 1413 776 integra,

263 797 350 862 facili
379 818 416 860 ac
444 796 580 882 prodigo
605 795 721 860 animo.
768 818 866 879 quam
889 800 1031 860 ueterem
1055 797 1093 860 de
1116 818 1150 860 se
1172 796 1413 880 persuasionem

263 903 415 968 Vitellius
443 903 623 968 recentibus
651 902 748 967 etiam
776 902 1003 986 experimentis
1026 908 1168 986 auxerat,
1194 908 1265 968 tota
1287 905 1344 968 uia
1367 925 1447 968 car

263 1011 439 1096 ligatorum
469 1031 598 1094 quoque
626 1009 767 1073 militum
792 1008 907 1074 obuios
930 1010 1119 1075 exosculans
1141 1032 1263 1094 perque
1286 1011 1414 1076 stabula

264 1139 301 1182 ao
324 1117 507 1182 deuersoria
530 1100 729 1180 mulionibus
752 1137 789 1180 ac
807 1115 988 1180 uiatoribus
1006 1121 1134 1200 praeter
1152 1117 1285 1182 modum
1305 1118 1413 1201 comis,

263 1227 300 1287 ut
315 1245 408 1288 mane
422 1222 567 1308 singulos
586 1223 710 1287 iamne
729 1223 947 1286 iantassent
960 1223 1176 1289 sciscitaretur
1189 1245 1287 1308 seque
1301 1225 1413 1289 fecisse

229 1329 251 1396 8
267 1335 359 1395 ructu
384 1351 511 1414 quoque
535 1329 724 1394 ostenderet.
766 1334 868 1393 castra
886 1351 963 1395 uero
981 1330 1145 1416 ingressus
1162 1331 1245 1394 nihil
1265 1331 1415 1415 cuiquam

243 1438 412 1522 poscenti
438 1441 569 1523 negauit
596 1441 692 1521 atque
723 1437 819 1500 etiam
848 1436 936 1500 ultro
964 1437 1190 1523 ignominiosis
1217 1442 1323 1520 notas,
1352 1439 1413 1502 reis
1427 1461 1449 1501 11

265 1544 384 1628 sordes,
417 1543 577 1608 damnatis
615 1542 773 1627 supplicia
805 1542 952 1626 dempsit.
1008 1566 1105 1628 quare
1137 1544 1272 1610 uixdum
1304 1567 1413 1609 mense

265 1655 437 1734 transacto,
464 1672 568 1734 neque
597 1649 659 1713 diei
687 1671 791 1733 neque
820 1649 975 1733 temporis
997 1650 1122 1715 ratione
1145 1650 1266 1735 habita,
1290 1673 1328 1715 ac
1350 1652 1414 1715 iam

265 1779 404 1842 uespere,
433 1758 541 1821 subito
571 1780 589 1821 a
612 1756 770 1821 militibus
794 1779 810 1821 e
834 1755 982 1820 cubiculo
1005 1761 1131 1841 raptus,
1158 1757 1205 1821 ita
1228 1762 1265 1821 ut
1288 1763 1359 1822 erat
1381 1759 1414 1822 in

264 1870 355 1930 ueste
388 1863 574 1945 domestica,
606 1865 781 1948 imperator
814 1867 862 1926 est
893 1863 1112 1928 consalutatus
1144 1864 1414 1949 circumlatusque

214 2043 218 2052 ,
264 1994 322 2056 per
352 1971 576 2037 celeberrimos
606 1971 705 2055 uicos,
734 1970 882 2034 strictum
905 1969 982 2034 Diui
1005 1968 1109 2054 Iuli[i]
1133 1970 1275 2058 gladium
1301 1976 1446 2035 tenensis

266 2080 444 2143 detractum
468 2078 601 2142 delubro
623 2077 738 2141 Martis
761 2081 857 2161 atque
876 2077 910 2140 in
928 2077 1034 2160 prima
1051 2076 1269 2165 gratulatione
1288 2099 1411 2162 porrec·
1521 2109 1522 2114 ¹

230 2201 245 2248 a
265 2191 335 2250 tum
359 2185 422 2250 sibi
441 2208 459 2248 a
478 2183 625 2269 quodam.
669 2205 727 2247 nec
751 2187 823 2246 ante
847 2183 881 2247 in
903 2183 1099 2268 praetorium
1124 2183 1220 2248 rediit
1243 2206 1341 2268 quarn
1361 2185 1411 2247 fla-

266 2297 379 2380 grante
406 2293 547 2356 triclinio
577 2313 616 2354 ex
644 2295 801 2374 conceptu
824 2291 953 2374 camini,
982 2311 1054 2354 cum
1079 2291 1208 2374 quidem
1231 2295 1411 2355 consterna-

265 2401 308 2464 tis
341 2403 372 2464 et
401 2398 493 2483 quasi
531 2397 637 2462 omine
666 2397 799 2461 aduerso
828 2397 932 2460 anxiis
960 2397 1123 2462 omnibus:
1154 2397 1267 2481 bone,
1298 2399 1410 2482 inquit,

267 2508 391 2570 animo
412 2507 548 2570 estote!
567 2505 679 2569 nobis
698 2503 860 2587 adlusit,
878 2504 969 2567 nullo
989 2526 1134 2569 sermone
1152 2504 1216 2569 alio
1232 2505 1319 2588 apud
1333 2504 1410 2568 mili·
1423 2525 1446 2564 1ο

265 2619 314 2678 tes
346 2635 431 2677 usus.
487 2612 706 2677 consentiente
744 2609 856 2700 deinde
892 2611 988 2676 etiam
1022 2612 1196 2695 superioris
1230 2612 1411 2695 prouinciae

266 2720 417 2803 exercitu,
466 2719 500 2793 ui
528 2721 617 2803 prior
645 2741 663 2782 a
687 2716 790 2782 Galba
813 2718 853 2780 ad
876 2723 1021 2782 senatum
1046 2718 1211 2804 defecerat,
1235 2740 1411 2804 cognomen

268 2825 450 2891 Germanici
470 2826 611 2891 delatum
631 2826 670 2888 ab
690 2824 850 2888 uniuersis
870 2824 984 2908 cupide
1002 2827 1131 2909 recepit,
1153 2825 1296 2912 Augusti
1316 2827 1410 2891 distu-

230 2929 316 3018 alit,
340 2932 482 2998 Caesaris
511 2934 545 2997 in
571 2935 763 3016 perpetuum
790 2932 957 2995 recusauit.
1003 2953 1040 2994 ac
1063 2931 1199 2997 subinde
1222 2932 1318 2996 caede
1342 2931 1412 2997 Gal·

267 3042 326 3106 bae
350 3041 547 3121 adnuntiata,
571 3038 763 3122 compositis
784 3038 979 3102 Germanicis
1002 3039 1109 3122 rebus,
1131 3038 1271 3123 partitus
1296 3044 1346 3104 est
1364 3061 1411 3103 co·
1424 3057 1446 3096 2⁵

267 3149 347 3234 pias,
373 3171 452 3232 quas
476 3148 629 3212 aduersus
653 3144 813 3209 Othonem
836 3145 1060 3228 praemitteret
1084 3167 1228 3229 quasque
1251 3147 1323 3230 ipse
1336 3169 1412 3234 'per-

268 3256 406 3321 duceret.
452 3253 627 3340 praemisso
656 3251 784 3337 agmine
812 3251 933 3315 laetum
961 3252 1069 3315 euenit
1100 3253 1288 3337 auspicium,
1317 3252 1412 3336 siqui-

268 3364 338 3428 dem
377 3387 396 3426 a
423 3366 514 3447 parte
550 3361 660 3424 dextra
696 3362 827 3442 repente
864 3358 973 3440 aquila
1005 3359 1171 3424 aduolauit
1202 3358 1413 3442 lustratisque

267 3470 368 3555 signis
392 3469 554 3554 ingressos
585 3468 671 3530 uiam
695 3466 813 3529 sensim
837 3466 1015 3530 antecessit.
1063 3469 1096 3529 at
1118 3466 1326 3550 contra-ipso
1349 3487 1412 3531 mo-

267 3579 363 3640 uente
382 3580 505 3640 statuae
524 3578 698 3658 equestres,
722 3594 793 3635 cum
812 3571 1013 3655 plurifariam
1033 3572 1062 3636 ei
1076 3578 1281 3657 ponerentur,
1305 3573 1412 3638 fractis
1425 3591 1447 3630 11

266 3686 397 3766 repente
426 3681 572 3746 cruribus
595 3678 716 3765 pariter
739 3683 935 3761 corruerunt,
963 3684 995 3743 et
1022 3681 1139 3763 laurea,
1167 3703 1265 3763 quam
1288 3679 1412 3766 religio-

339 3847 396 3896 311.
412 3843 489 3910 adp.
504 3842 668 3906 295,1e.19
722 3842 739 3889 4
758 3838 863 3890 Aaron.
877 3841 941 3903 259,
955 3841 973 3890 9
990 3837 1110 3905 prodiga
1126 3879 1167 3892 ...
1184 3840 1294 3907 sceptra
1308 3837 1412 3891 Vitelli.
1521 3839 1522 3856 ¹

284 4016 288 4022 .
339 3982 354 4028 3
369 3975 448 4030 uelut
465 3976 517 4028 deo
528 3974 669 4027 donumX
677 3968 741 4040 (att
750 3972 793 4022 ter
803 3969 839 4021 dc
850 3969 925 4022 donn
935 3972 969 4038 P,
983 3974 1027 4024 ter
1036 3971 1071 4024 ui
1081 3971 1154 4027 dono
1165 3973 1219 4026 defi
1229 3971 1281 4025 deo
1290 3972 1365 4026 doru
1378 3972 1411 4040 Τ)

267 4061 283 4108 6
303 4073 428 4126 quosque
445 4053 538 4111 GS’N
612 4051 710 4106 obuios
728 4067 778 4105 cm.
797 4049 822 4102 G
898 4054 914 4102 8
933 4050 1090 4106 iantassent
1105 4056 1170 4120 Mo,
1193 4053 1348 4107 iactassent
1365 4052 1412 4122 (ls-

267 4140 311 4206 Π)
325 4137 437 4204 ΤΡΟΤ,
465 4135 628 4205 gestassent
648 4133 685 4200 G,
713 4131 868 4184 iantassent
886 4129 935 4184 Ls
956 4133 998 4200 (ia
1016 4134 1043 4187 L
1065 4151 1133 4189 corr.
1153 4151 1187 4188 ea
1209 4133 1268 4186 ieu-
1291 4139 1324 4186 at
1346 4132 1412 4200 aid.)

267 4224 292 4272 et
310 4220 349 4272 sic
367 4235 401 4272 ss.
416 4219 448 4271 ia
463 4217 498 4282 R,
517 4232 567 4270 om.
583 4215 614 4268 N
632 4215 676 4282 (cf.
697 4212 810 4268 711131
902 4216 934 4263 11
955 4211 1093 4282 depressit
1114 4214 1148 4284 Q,
1171 4212 1282 4268 remisit
1299 4213 1413 4281 Bentley

270 4304 302 4350 13
317 4315 334 4350 a
347 4296 485 4350 militibus
500 4295 589 4350 ooaG
645 4300 677 4347 14
693 4289 833 4346 dominica
847 4297 872 4344 ct
884 4308 919 4346 ss.
934 4292 952 4346 i.
968 4293 1122 4348 domestica
1133 4294 1159 4348 G
1173 4296 1216 4363 (m.
1227 4296 1254 4363 1)
1311 4297 1344 4346 20
1359 4290 1411 4345 alio

268 4393 394 4432 sermone
411 4377 466 4431 GT
531 4382 564 4429 22
579 4375 658 4445 prius
676 4375 807 4444 Nauio.)
876 4376 909 4424 25
925 4373 1095 4428 denunciata
1110 4375 1136 4429 G
1199 4379 1232 4427 21
1253 4373 1360 4444 agmini
1374 4370 1410 4426 ed.

268 4458 446 4513 Basil.1533
520 4464 553 4511 28
572 4456 755 4525 lustratisque
775 4477 790 4518 ς
809 4458 858 4526 (ed.
870 4469 914 4521 pr.
931 4457 1009 4510 Rom.
1024 4457 1081 4524 II),
1100 4453 1322 4523 lustranitquetl
