3108 5102
528 383 717 439 VITELLIVS
736 395 801 445 [cm.
817 395 904 444 rr—u]
983 365 985 370 Ι
1223 385 1288 449 303

140 546 332 631 Vespasiani
354 547 454 611 fratre
472 547 611 633 pepigit;
634 547 808 631 statimque
826 569 886 632 pro
905 547 1059 634 gradibus
1078 546 1183 611 Palati
1202 547 1288 631 apud

141 653 326 737 frequentes
353 654 473 718 milites
501 654 611 718 cedere
631 677 672 741 ,se
699 654 835 738 imperio
861 654 947 738 quod
971 655 1093 718 inuitus
1116 655 1289 739 recepisset

140 761 314 844 professus,
341 761 465 825 cunctis
492 760 742 826 reclamantibus
770 783 839 825 rem
867 761 993 825 distulit
1015 783 1052 824 ac
1073 765 1169 827 nocte
1191 761 1288 825 inter-

140 867 248 952 posita
266 867 371 952 primo
391 867 532 931 diluculo
553 867 735 932 sordidatus
755 867 917 932 descendit
936 868 976 932 ad
995 872 1100 932 rostra
1113 868 1288 952 multisque

110 996 215 1039 scum
238 974 379 1039 lacrimis
402 975 512 1039 eadem
536 975 600 1058 illa,
623 997 736 1039 uerum
761 996 778 1038 e
801 973 912 1038 libello
931 977 1068 1040 testatus
1083 980 1141 1039 est.
1178 998 1288 1040 rursus
1308 991 1324 1040 3

141 1081 367 1165 interpellante
386 1082 489 1146 milite
509 1103 546 1145 ae
563 1083 685 1166 populo
705 1085 737 1145 et
755 1103 795 1146 ne
815 1081 965 1146 deficeret
982 1081 1133 1146 hortante
1148 1104 1288 1147 omnem-

142 1210 206 1272 que
242 1209 372 1272 operam
409 1210 500 1253 suam
538 1189 684 1253 certatim
716 1188 901 1273 pollicente,
941 1189 1083 1253 animum
1116 1188 1290 1272 resumpsit

142 1294 364 1378 Sabinumque
400 1299 431 1359 et
462 1295 604 1380 reliquos
637 1295 808 1360 Flauianos
840 1295 922 1360 nihil
956 1297 1019 1359 iam
1049 1296 1224 1361 metuentis
1255 1296 1289 1361 ui

140 1401 249 1466 subita
272 1401 306 1464 in
330 1399 526 1486 Capitolium
550 1391 707 1487 compulit
729 1424 947 1486 succensoque
970 1403 1091 1487 templo
1114 1402 1203 1468 Iouis
1227 1401 1289 1489 Op-

96 1507 215 1572 intimi
237 1508 372 1572 Maximi
396 1509 569 1593 oppressit,
593 1531 665 1573 cum
690 1514 721 1573 et
744 1510 904 1593 proelium
922 1513 955 1573 et
969 1509 1151 1574 incendium
1166 1533 1182 1575 e
1197 1510 1290 1574 Tibe

139 1615 231 1678 riana
249 1616 448 1700 prospiceret
463 1615 558 1680 domo
573 1617 658 1680 inter
672 1616 790 1700 epulas.
822 1639 888 1680 non
906 1617 1010 1681 multo
1029 1622 1105 1701 post
1123 1619 1289 1702 paenitens

140 1721 219 1785 facti
249 1726 281 1786 et
310 1721 345 1785 in
376 1721 455 1786 alios
487 1723 614 1806 culpam
647 1722 813 1787 conferens
844 1728 958 1787 uocata
990 1726 1139 1789 contione
1169 1725 1289 1789 iurauit

141 1829 313 1914 coegitque
337 1829 443 1892 iurare
466 1834 498 1893 et
521 1834 644 1893 ceteros
666 1829 749 1893 nihil
767 1829 830 1894 sibi
850 1831 1014 1913 antiquius
1034 1833 1141 1915 quiete
1160 1832 1291 1916 publica

139 1935 219 2000 fore.
256 1940 333 1999 tunc
352 1935 495 2000 solutum
514 1959 532 2000 a
551 1937 651 2001 latere
669 1937 843 2022 pugionem
864 1937 988 2002 consuli
1007 1939 1157 2022 primum,
1177 1938 1289 2002 deinde
1309 1951 1326 1999 4

97 2067 125 2106 15
141 2043 199 2107 illo
219 2047 385 2106 recusante
404 2043 647 2128 magistratibus
666 2065 703 2108 ac
721 2065 796 2107 mox
816 2043 1019 2108 senatoribus
1038 2044 1175 2130 singulis
1189 2045 1291 2129 porri·

140 2171 230 2236 gens,
260 2150 350 2214 nullo
381 2149 568 2234 recipiente,
601 2150 693 2233 quasi
725 2151 759 2213 in
790 2150 865 2213 aede
896 2148 1092 2215 Concordiae
1124 2150 1290 2235 positurus

140 2255 306 2320 abscessit.
339 2255 393 2320 sed
409 2256 601 2339 quibusdam
617 2256 870 2342 adclamantibus
887 2256 1010 2341 ipsum
1030 2280 1113 2322 esse
1129 2257 1291 2322 Concor-

141 2363 254 2447 diam,
282 2362 378 2427 rediit
401 2384 460 2427 nec
483 2364 588 2427 solum
612 2362 760 2427 retinere
773 2385 806 2428 se
830 2363 950 2428 ferrum
971 2364 1155 2448 affirmauit,
1177 2388 1291 2430 uerum

141 2469 239 2534 etiam
272 2467 468 2534 Concordiae
497 2471 638 2554 recipere
669 2457 866 2555 cognomen,
894 2471 1059 2555 suasitque
1089 2473 1223 2556 senatui,
1254 2466 1344 2537 uth

97 2599 125 2640 ro
140 2579 266 2662 legatos
290 2599 363 2640 cum
386 2577 569 2663 uirginibus
592 2577 780 2641 Vestalibus
804 2577 971 2643 mitterent
993 2601 1103 2662 pacem
1128 2584 1183 2644 aut
1207 2583 1291 2644 certe

139 2688 269 2767 tempus
292 2683 331 2747 ed
356 2685 603 2748 consultandum
626 2685 796 2768 petituros.

231 2789 390 2854 Postridie
412 2812 568 2874 responsa
591 2792 772 2875 opperienti
795 2792 981 2856 nuntiatum
1001 2796 1051 2856 est
1069 2814 1127 2877 per
1146 2792 1291 2876 explora·

214 2939 508 3009 sEatrop.V1118,4
522 2939 670 2994 interfecto
686 2940 763 3008 prius
778 2940 807 2993 in
821 2939 889 2994 urbe
901 2940 1012 3008 Sabino,
1023 2940 1189 3010 Vespasiani
1203 2941 1291 3010 impe·

138 3019 242 3073 rateris
256 3019 352 3087 fratre,
371 3035 455 3089 quem
469 3037 533 3074 cum
547 3019 686 3088 Capitolio
700 3020 835 3075 incendit.
878 3021 969 3076 Victor
984 3022 1059 3076 Caes.
1075 3027 1102 3087 8,
1117 3026 1135 3075 5
1154 3021 1203 3075 sed
1217 3024 1292 3090 post·

141 3117 227 3167 quam
246 3117 310 3153 mox
334 3100 557 3154 circumuentum
582 3117 612 3154 se
635 3100 735 3155 nuntio
757 3102 835 3154 ratus
860 3102 915 3167 est,
940 3100 1020 3168 quasi
1045 3103 1181 3155 renouato
1199 3099 1293 3153 furore

139 3179 236 3248 ipsum
254 3182 417 3249 ceterosque
432 3181 566 3234 aduersae
584 3180 674 3249 partis
694 3198 757 3235 curn
773 3179 921 3249 Capitoli0,
940 3182 1015 3248 quod
1035 3180 1121 3234 saluti
1138 3179 1294 3234 remedium

140 3263 287 3328 ceperant,
311 3261 454 3314 cremauit.
492 3262 569 3330 Epir.
583 3266 610 3327 8,
625 3266 642 3314 4
661 3278 712 3330 per
730 3261 818 3314 scalas
838 3260 987 3314 Gemonias
1003 3304 1008 3314 .
1024 3303 1031 3316 .
1047 3303 1067 3326 .,
1084 3261 1135 3315 ubi
1159 3261 1293 3314 Sabinum

141 3339 309 3408 Vespasiani
328 3340 443 3394 fratrem
458 3341 551 3394 necari
565 3341 738 3410 permiserat.
778 3341 852 3395 Oros.
872 3341 936 3396 VII
944 3346 971 3407 8,
985 3346 1002 3394 7
1015 3343 1080 3409 post
1094 3359 1110 3394 a
1125 3340 1293 3410 quibusdam

141 3420 284 3474 animatus
309 3419 454 3489 Sabinum,
479 3421 646 3491 Vespasiani
674 3421 801 3488 fratrem,
824 3421 896 3474 nihil
919 3422 980 3475 tum
1003 3421 1072 3474 mali
1095 3421 1294 3490 suspicantem,

142 3517 207 3552 cum
230 3499 331 3554 ceteris
354 3500 497 3554 Flauianis
520 3501 550 3554 in
570 3499 740 3570 Capitolium
764 3500 900 3570 compulit
928 3517 1117 3571 succensoque
1139 3501 1246 3570 templo
1266 3503 1295 3554 et

141 3581 231 3634 mixta
256 3580 340 3636 simul
364 3581 477 3634 flamma
502 3581 639 3650 ruinaque
670 3597 765 3636 onmes
791 3581 821 3634 in
846 3598 934 3635 unum
958 3581 1065 3650 pariter
1089 3581 1236 3636 interitum
1262 3597 1294 3635 ae

140 3660 283 3715 tumulum
302 3661 389 3714 dedit.
462 3667 495 3715 22
507 3679 566 3731 sqq.
588 3664 678 3718 Victor
694 3663 767 3718 Caes.
783 3667 844 3727 8,6
863 3663 907 3716 ast
929 3661 979 3715 ubi
1002 3679 1069 3715 uera
1094 3677 1154 3716 esse
1176 3679 1209 3716 ac
1231 3679 1295 3731 pro-

140 3741 281 3811 pinquare
298 3742 393 3795 hostes
412 3741 586 3810 patefactum
605 3745 657 3809 est,
674 3743 857 3812 productura
876 3742 999 3811 tugurio,
1018 3759 1073 3810 quo
1092 3758 1122 3796 se
1137 3742 1294 3808 abdiderat,

141 3821 271 3875 ianitoris
289 3821 394 3874 iniecto
412 3822 513 3889 laqueo
532 3823 737 3890 parricidarum
758 3838 835 3876 more
854 3822 891 3875 ad
913 3821 1003 3876 scalas
1023 3822 1172 3876 Gemonias
1189 3838 1296 3892 perque

142 3919 190 3956 eas
208 3903 381 3970 pertractum
401 3901 485 3954 simul
502 3903 615 3968 ictibus,
634 3905 772 3971 quantum
790 3902 909 3970 quisque
928 3902 1069 3967 ualuerat,
1089 3902 1216 3957 confosso
1236 3920 1295 3956 cor-

143 3997 210 4049 pore
235 3982 265 4034 in
283 3981 409 4035 Tiberim
432 3982 559 4036 deicitur.
597 3985 674 4053 Epic.
690 3988 718 4051 8,
733 3987 813 4054 3eqq.
834 3999 849 4036 e
868 3982 991 4051 Palatio,
1016 3999 1071 4050 quo
1098 3999 1128 4038 se
1146 3983 1296 4038 abdiderat

141 4060 285 4128 Vitellius,
304 4062 408 4115 uinctis
427 4081 444 4116 a
462 4064 541 4133 tergo
561 4063 691 4116 manibus
717 4063 869 4132 productus
894 4062 1112 4119 circumducitur
1131 4065 1166 4118 ad
1186 4066 1296 4134 specta-

142 4155 358 4163 ———

84 4268 86 4272 Α
215 4210 231 4258 3
250 4205 294 4259 est
312 4211 375 4258 ante
393 4204 535 4273 professus
555 4205 698 4275 (professis
719 4207 757 4260 M
763 4206 781 4274 1)
801 4206 865 4261 add.
887 4208 913 4262 G
1024 4207 1241 4262 reclamantibus
1261 4208 1295 4262 Se

143 4287 186 4354 (in
200 4286 250 4340 hoc
263 4283 328 4339 sal
347 4284 579 4356 declamantibus)
599 4288 701 4354 aliique
715 4305 732 4345 ς
745 4287 929 4355 (Beroaldus),
945 4286 1168 4342 declamantibus
1186 4290 1232 4343 rel.
1249 4291 1295 4358 (u)

143 4364 287 4419 suillae
359 4365 424 4419 Sui
438 4365 553 4419 subdita
569 4367 604 4432 G,
623 4365 667 4420 sui
685 4366 725 4434 (ui
740 4365 767 4430 S,
787 4365 817 4418 in
835 4366 871 4434 Τ)
887 4366 980 4420 subito
996 4371 1025 4419 X
1095 4372 1127 4421 10
1147 4369 1295 4437 oppressit.

143 4463 208 4499 cum
226 4487 233 4500 .
254 4445 403 4514 ..epulas
422 4462 478 4500 non
497 4447 581 4517 aalys
600 4447 784 4516 distinpuunt,
804 4447 904 4500 rectius
918 4447 1085 4501 B.-Crueius
1103 4455 1128 4502 ct
1144 4450 1261 4519 Madcip

143 4527 170 4597 e]
191 4527 219 4578 et
239 4527 277 4580 M
347 4531 380 4579 13
399 4527 428 4579 et
447 4543 497 4581 om.
515 4527 567 4580 GT
581 4529 677 4597 (culp.)
