3136 5100
586 361 685 416 NERO
706 374 771 423 [cm.
787 375 875 424 aa-rs]
1236 364 1301 428 245

153 527 188 589 in
216 526 338 610 tragico
368 525 506 608 quodam
535 529 621 608 actu,
650 547 722 589 cum
752 526 897 610 elapsum
921 525 1071 589 baculum
1096 527 1160 590 cito
1184 549 1303 591 resum-

153 634 283 716 psisset,
310 632 448 716 pauidus
477 636 509 696 et
536 637 681 698 metuens
707 655 748 698 no
777 633 817 697 ob
846 633 999 698 delictum
1024 634 1195 696 certamine
1220 655 1303 698 sum-

153 743 353 822 moueretur,
379 761 445 803 non
469 740 563 803 aliter
586 740 793 804 confirmatus
820 744 868 804 est
892 762 988 823 quam
1013 739 1179 804 adiurante
1202 740 1304 824 hypo·

154 848 235 910 crita
248 867 314 909 non
329 846 588 910 animaduersum
602 847 635 910 id
650 848 734 912 inter
747 847 961 912 exultationes
976 847 1304 928 succlamationesque

125 954 278 1045 spopuli.
316 953 470 1018 uictorem
501 957 607 1018 autem
637 975 670 1018 se
693 952 763 1037 ipse
786 953 1030 1039 pronuntiabat,
1061 976 1124 1036 qua
1148 954 1186 1017 de
1210 975 1304 1017 causa

154 1065 186 1123 et
210 1059 382 1143 praeconio
406 1059 526 1143 ubique
550 1059 723 1125 contendit.
766 1081 803 1124 ae
826 1082 865 1124 ne
889 1061 980 1125 cuius
1008 1060 1138 1124 alterius
1165 1060 1304 1124 hieroni·

155 1189 264 1231 carum
294 1167 449 1231 memoria
478 1171 534 1230 aut
562 1167 735 1252 uestigium
760 1171 890 1230 extaret
914 1189 1069 1251 usquam,
1100 1168 1243 1231 subuerti
1273 1171 1306 1231 et

154 1295 239 1338 unco
268 1273 353 1337 trahi
381 1273 528 1358 abicique
557 1275 589 1337 in
616 1275 750 1338 latrinas
779 1275 923 1338 omnium
947 1278 1069 1338 statuas
1093 1279 1125 1338 et
1148 1275 1304 1360 imagines

155 1381 336 1463 imperauit.
374 1381 537 1466 aurigauit
555 1401 684 1464 quoque
702 1380 912 1464 plurifariam,
931 1380 1091 1466 Olympiis
1111 1403 1187 1446 uero
1208 1382 1304 1446 etiam
1324 1396 1339 1444 a

106 1512 139 1550 ιο
156 1487 389 1572 decemiugem,
418 1488 566 1570 quamuis
595 1488 629 1552 id
656 1488 761 1571 ipsum
788 1490 822 1552 in
849 1510 923 1574 rege
946 1487 1142 1552 Mithradate
1165 1489 1306 1553 carmine

155 1595 293 1678 quodam
319 1616 377 1658 suo
401 1594 674 1679 reprehendisset,
697 1595 751 1658 sed
776 1617 929 1661 excussus
953 1617 1046 1658 curm
1067 1617 1103 1659 ac
1126 1617 1237 1658 rursus
1258 1618 1306 1659 re·

155 1703 294 1784 positus,
325 1723 396 1765 cum
427 1701 599 1784 perdurare
629 1724 695 1765 non
724 1706 848 1786 posset,
873 1702 997 1767 destitit
1028 1709 1101 1766 ante
1125 1702 1306 1788 decursum,

154 1830 260 1892 neque
288 1829 325 1872 eo
355 1807 454 1871 setius
482 1812 654 1872 coronatus
684 1812 739 1872 est.
782 1808 937 1873 decedens
966 1809 1078 1873 deinde
1105 1811 1304 1892 prouinciam
1398 1865 1400 1869 ,

155 1915 342 1978 uniuersam
366 1914 516 1979 libertate
537 1915 671 1978 donauit
691 1915 852 1999 simulque
871 1916 991 1980 iudices
1011 1915 1142 1980 ciuitate
1161 1915 1306 1979 Romana

106 2046 139 2085 rs
154 2026 188 2086 et
216 2022 354 2105 pecunia
381 2022 503 2108 grandi.
546 2045 627 2106 quae
654 2022 810 2088 beneficia
840 2045 857 2086 e
884 2023 990 2086 medio
1024 2022 1128 2086 stadio
1156 2019 1306 2086 Isthmio-

151 2153 227 2193 rum
251 2129 302 2193 die
326 2153 383 2194 sua
407 2132 476 2212 ipse
500 2151 579 2194 uoce
601 2130 835 2213 pronuntiauit.

244 2235 406 2300 Reuersus
429 2258 446 2299 e
471 2233 603 2301 Graecia
621 2236 803 2320 Neapolim,
828 2238 915 2322 quod
934 2237 967 2300 in
986 2235 1184 2318 caprimum
1204 2230 1358 2299 artem25

152 2344 347 2427 protulerat,
380 2343 462 2407 albis
490 2343 581 2425 equis
610 2343 735 2406 introiit
763 2342 896 2407 disiecta
924 2347 1016 2426 parte
1043 2343 1141 2424 muri,
1173 2345 1209 2405 ut
1237 2363 1307 2405 mos

153 2449 391 2514 hieronicarum
421 2454 482 2532 est3
511 2449 610 2514 simili
637 2450 734 2514 modo
758 2449 909 2533 Antium,
937 2450 1010 2513 inde
1034 2449 1210 2533 Albanum,
1235 2449 1307 2511 inde

105 2581 136 2619 m
152 2557 306 2640 Romam3
331 2557 387 2621 sed
409 2561 442 2620 et
465 2555 600 2620 Romam
623 2578 661 2620 eo
686 2578 790 2640 curru,
815 2579 878 2640 quo
903 2556 1069 2643 Augustus
1094 2557 1172 2620 olim
1195 2557 1308 2619 trium-

152 2665 325 2749 phauerat,
363 2667 395 2727 et
427 2664 462 2728 iu
494 2668 584 2727 noste
618 2687 781 2748 purpurea
818 2665 1033 2747 distinctaque
1068 2663 1170 2728 stellis
1202 2664 1307 2727 aureis

108 2839 113 2850 ,
153 2771 324 2856 chlamyde
344 2791 561 2853 coronamque
580 2771 686 2854 capite
702 2792 817 2856 gerens
832 2769 1064 2853 Olympiacam,
1085 2770 1196 2834 dextra
1210 2792 1308 2833 manu

153 2877 317 2962 Pythiam,
341 2881 514 2961 praeeunte
533 2899 653 2960 pompa
674 2882 851 2941 ceterarum
871 2899 944 2941 cum
964 2877 1078 2960 titulis,
1099 2877 1154 2940 ubi
1174 2881 1206 2939 et
1227 2897 1307 2958 quos

154 3008 221 3068 quo
239 2985 425 3049 cantionum
448 3006 553 3067 quoue
572 2983 755 3048 fabularum
774 2988 963 3068 argumento
981 2984 1124 3067 uicisset,
1148 2984 1307 3065 sequenti-

106 3115 134 3153 as
152 3094 217 3156 bus
228 3113 357 3155 currum
372 3093 539 3155 ouantium
553 3092 619 3154 ritu
635 3092 848 3174 plausoribus,
864 3090 1128 3176 Augustianos
1145 3090 1308 3153 milites-

154 3222 227 3282 que
251 3221 288 3262 se
318 3198 507 3280 triumphi
538 3199 618 3261 eius
643 3198 891 3262 clamitantibus.
941 3197 1057 3261 dehinc
1087 3197 1193 3260 diruto
1226 3197 1302 3259 circi
1327 3210 1343 3256 2

153 3306 287 3369 maximi
312 3327 387 3369 arcu
410 3328 467 3388 per
490 3303 666 3369 Velabrum
689 3306 860 3388 forumque
883 3304 1043 3368 Palatium
1067 3308 1099 3367 et
1118 3303 1302 3388 Apollinem

154 3413 247 3497 petit.
289 3413 448 3476 incedenti
473 3413 765 3494 passim'uictimae
790 3433 897 3476 caesae
922 3433 1032 3495 sparso
1053 3411 1198 3494 peruias
1218 3410 1303 3473 iden·
1341 3415 1343 3420 '

153 3518 257 3582 tidem
281 3540 373 3583 croco
397 3519 605 3604 ingestaeque
629 3541 704 3581 aues
727 3541 765 3582 ac
787 3518 935 3583 lemnisci
959 3522 990 3581 et
1013 3517 1154 3582 bellaria.
1197 3538 1302 3581 sacras

106 3642 291 3690 accoronas
319 3626 353 3690 in
382 3626 537 3691 cubiculis
563 3627 681 3689 circum
704 3628 806 3716 lectos
830 3626 952 3709 posuit,
981 3626 1055 3689 item
1082 3629 1205 3688 statuas
1230 3647 1302 3688 suas

155 3731 372 3796 citharoedico
409 3733 536 3815 habito,
580 3727 641 3816 qua
680 3715 765 3796 nota
794 3733 890 3796 etiam
933 3754 1102 3795 nummum
1139 3732 1297 3814 percussit

230 3931 244 3985 3
264 3927 297 3992 cf.
317 3927 391 3980 (bos.
408 3927 467 3979 VII
480 3931 531 3992 7,1
546 3927 583 3992 (a.
595 3926 632 3978 ad
646 3943 666 3979 c.
679 3928 724 3991 53)
798 3931 829 3977 31
847 3925 963 3993 Eutrop.
978 3926 1037 3978 VII
1049 3931 1091 3992 14,
1104 3929 1123 3978 2
1138 3927 1266 3978 cantaret
1280 3925 1310 3977 in

153 4021 259 4060 scaena
278 4006 467 4060 citharoedico
487 4007 594 4059 habitu.
619 4006 704 4060 Sobel.
716 4007 780 4059 lua.
792 4010 878 4070 2,147
898 4007 941 4073 (ef.
958 4006 994 4057 od
1013 4023 1071 4075 cop.
1088 4010 1134 4075 38)

231 4177 403 4245 lquondam
413 4178 530 4244 Bentley
595 4176 769 4229 tconditM
827 4177 876 4226 aut
891 4190 925 4227 ne
940 4175 1082 4229 cuiuisG
1155 4174 1312 4243 8abcique

157 4259 196 4312 M
269 4263 300 4309 10
315 4257 486 4312 mithradate
504 4259 545 4321 M,
565 4255 673 4309 mithri-
693 4257 737 4308 cel
755 4255 844 4308 mitri·
863 4257 907 4308 rel.
984 4261 1015 4306 13
1037 4255 1229 4323 decedensque
1244 4256 1310 4308 inde

155 4339 274 4407 Bentley
292 4337 406 4404 (deinde
420 4355 470 4391 oin.
488 4338 520 4400 L)
605 4343 636 4389 16
656 4336 719 4404 ipsa
739 4337 765 4390 G
844 4341 875 4388 17
896 4337 924 4406 e]
946 4351 963 4387 a
983 4337 1089 4390 PSTN
1159 4341 1192 4388 20
1212 4338 1240 4389 et
1259 4337 1310 4389 dcl.

160 4419 237 4472 Yorr.
298 4423 329 4469 21
350 4421 429 4471 ueste
448 4419 498 4470 del.
519 4419 593 4471 Torr.
609 4418 710 4484 aliique
766 4422 798 4469 23
819 4419 973 4470 ceterorum
991 4415 1034 4481 Y',
1050 4415 1265 4484 cytharedorum
1281 4417 1314 4470 N

156 4505 190 4551 27
211 4497 286 4550 maxi
302 4515 367 4550 arcu
384 4499 420 4551 M
478 4503 511 4549 28
529 4498 614 4564 petiit
629 4497 791 4566 HQluuly.)
850 4503 883 4550 29
903 4497 1063 4566 ingestique
1078 4495 1159 4550 flores
1176 4498 1313 4552 Graevius·
