3136 5100
582 383 681 437 NERO
702 396 767 444 [cir.
783 396 870 444 12-16]
1011 425 1016 438 ·
1235 383 1302 446 239

150 551 280 632 perator
303 548 536 630 consalutatus,
559 547 667 610 laurea
690 547 725 610 in
748 545 944 631 Capitolium
968 546 1044 628 lata,
1066 545 1178 610 Ianum
1203 533 1303 631 gemi-

151 678 229 718 num
253 655 377 736 clausit,
401 657 565 736 tamquam
589 653 679 717 nullo
703 655 831 717 residuo
856 653 950 718 bella.

242 759 436 824 Consulatus
460 764 614 842 quattuor
637 762 750 845 gessit:
779 762 920 844 primum
943 761 1167 843 bimenstrem,
1193 756 1360 824 secun-14

152 869 228 932 dum
253 871 284 933 et
306 867 520 931 nouissimum
544 872 744 950 semenstres,
767 869 898 931 tertium
919 867 1215 951 quadrimenstrem3
1239 888 1302 930 me·

50 1023 52 1027 -
123 976 222 1040 idios
254 975 332 1038 duos
364 973 580 1056 continuatum,
609 973 752 1056 reliquos
776 963 860 1037 inter
890 996 995 1037 annua
1024 974 1127 1057 spatia
1155 973 1301 1038 uariauit.

151 1083 185 1145 in
209 1082 289 1146 iuris
312 1079 453 1144 dictione
476 1079 731 1162 postulatoribus
754 1081 818 1143 nisi
842 1081 989 1164 sequenti
1012 1080 1063 1144 die
1082 1101 1118 1144 ac
1136 1101 1194 1164 per
1212 1079 1359 1144 libel-lb

150 1191 200 1252 los
231 1209 297 1251 non
325 1192 445 1251 temere
473 1187 648 1269 respondit.
693 1185 908 1271 cognoscendi
936 1209 1061 1252 morem
1088 1208 1161 1252 eum
1189 1187 1303 1270 tenuit,

151 1299 188 1359 ut
211 1295 372 1358 continuis
395 1293 577 1358 actionibus
601 1295 729 1357 omissis
753 1294 944 1378 singillatim
964 1314 1109 1376 quaeque
1132 1316 1190 1376 per
1213 1294 1300 1356 uices

151 1406 268 1487 ageret.
310 1401 460 1484 quotiens
484 1405 592 1464 autem
616 1401 655 1463 ad
679 1402 924 1465 consultandum
950 1400 1117 1482 secederet,
1141 1385 1244 1483 neque
1267 1401 1301 1463 in

110 1529 321 1572 incommune
345 1507 517 1590 quicquam
540 1528 644 1590 neque
666 1507 835 1592 propalam
860 1507 1069 1591 deliberabat,
1094 1507 1147 1571 sed
1173 1511 1204 1571 et
1228 1528 1302 1571 con-

151 1616 287 1698 scriptas
315 1613 355 1677 ab
384 1635 448 1676 uno
478 1635 605 1696 quoque
630 1615 804 1677 sententias
833 1615 950 1678 tacitus
976 1635 1013 1677 ac
1037 1618 1159 1677 secreto
1183 1615 1304 1697 legens,
1357 1655 1359 1658 -

152 1721 239 1804 quod
271 1721 333 1803 ipsi
362 1719 511 1783 libuisset
543 1720 675 1803 perinde
708 1725 804 1803 atque
836 1720 985 1804 pluribus
1024 1721 1106 1783 idem
1140 1720 1304 1784 uideretur

151 1826 391 1911 pronuntiabat.
1331 1815 1336 1824 ’

240 1932 279 1997 In
303 1933 425 1998 curiam
454 1933 679 1997 libertinorum
703 1935 787 1997 filios
812 1934 867 1996 diu
891 1955 956 1997 non
981 1933 1124 2016 admisit;
1154 1933 1302 1995 admissis
1322 1950 1342 1996 2

111 2063 171 2106 rsa
198 2035 360 2125 prioribus
386 2040 586 2123 principibus
619 2039 757 2103 honores
791 2040 969 2124 denegauit.
1018 2039 1218 2121 candidatos,
1247 2039 1303 2121 qui

152 2169 248 2230 supra
270 2169 441 2211 numerum
466 2151 580 2229 essent,
605 2146 639 2211 in
663 2147 817 2210 solacium
836 2147 1001 2210 dilationis
1022 2168 1058 2210 ao
1077 2167 1186 2209 morae
1204 2145 1304 2230 legio-

151 2255 246 2318 nibus
277 2254 473 2337 praeposuit.
525 2255 728 2317 consulatum
761 2255 795 2317 in
830 2275 923 2317 senos
955 2254 1145 2336 plerumque
1177 2273 1304 2316 menses

153 2361 248 2425 dedit.
290 2361 508 2442 defunctoque
531 2360 615 2425 circa
638 2359 709 2424 Kal.
733 2359 799 2424 Ian.
824 2361 925 2424 altero
950 2383 967 2424 e
991 2348 1177 2424 consulibus
1205 2361 1303 2423 nemi·
1402 2392 1404 2396 ·

151 2490 224 2532 nem
250 2465 420 2532 substituit
442 2466 630 2550 improbans
654 2468 838 2550 exemplum
863 2471 956 2530 uetus
975 2465 1090 2530 Canini
1108 2466 1214 2530 Rebili
1238 2487 1305 2529 uno

108 2599 138 2638 so
153 2575 203 2638 die
227 2574 378 2638 consulis.
420 2574 631 2656 triumphalia
654 2577 842 2638 ornamenta
861 2575 959 2636 etiam
978 2574 1178 2656 quaestoriae
1201 2572 1304 2658 digni-

151 2683 228 2745 tatis
259 2683 292 2744 et
320 2680 487 2743 nonnullis
517 2703 556 2744 ex
587 2681 728 2763 equestri
759 2682 869 2744 ordine
900 2680 1015 2744 tribuit
1043 2702 1101 2745 nec
1129 2680 1241 2763 utique
1266 2680 1303 2742 de

152 2809 248 2852 causa
274 2787 421 2854 militari.
471 2787 509 2850 de
538 2787 730 2870 quibusdam
762 2787 858 2852 rebus
891 2787 1055 2852 orationes
1087 2786 1127 2850 ad
1158 2790 1303 2849 senatum

151 2897 265 2960 missas
293 2894 471 2977 praeterito
500 2895 680 2976 quaestoris
709 2894 817 2956 officio
846 2916 903 2977 per
927 2891 1092 2958 consulem
1115 2894 1304 2975 plerumque

146 3001 315 3078 recitabat.
360 3001 498 3064 formam
528 3001 748 3064 aedificiorum
777 3000 867 3064 urbis
898 3022 1015 3064 nouam
1046 2999 1243 3084 excogitauit
1273 2997 1362 3062 alt

107 3132 137 3172 as
152 3113 189 3173 ut
213 3113 287 3172 ante
311 3107 434 3170 insulas
460 3129 495 3170 ac
520 3107 633 3171 domos
656 3107 800 3190 porticus
820 3111 935 3190 essent,
959 3108 997 3171 de
1018 3127 1153 3189 quarum
1178 3105 1303 3168 solariis

150 3214 297 3294 incendia
321 3219 518 3298 arcerentur3
546 3236 663 3297 easque
692 3218 823 3297 sumptu
853 3236 910 3277 suo
939 3214 1087 3278 extruxit.
1130 3213 1304 3280 destinarat

223 3397 258 3444 24
277 3392 311 3464 cf.
333 3391 425 3444 Victor
441 3392 515 3445 Caes.
532 3395 586 3454 5‚2
605 3381 736 3459 augenda
754 3388 831 3444 urbe.

225 3539 237 3604 i
255 3550 503 3618 consulatuum,
524 3549 697 3606 consultatus
713 3552 739 3604 L
803 3557 818 3602 2
838 3551 983 3616 tamquam
998 3547 1075 3602 nullo
1092 3547 1219 3602 Faernus
1233 3549 1304 3614 Lip-

149 3635 219 3698 sins,
237 3634 296 3685 tam
311 3629 388 3682 nullo
409 3647 493 3698 quam
513 3633 551 3697 a,
577 3630 634 3684 iam
654 3629 731 3683 nullo
750 3630 834 3698 ¹quasi
856 3629 987 3694 Gronau,
1013 3628 1071 3681 iam
1089 3630 1158 3695 (tum
1173 3643 1226 3695 pro
1245 3629 1305 3678 tam

150 3713 278 3779 Innater)
304 3709 381 3764 nullo
407 3727 526 3778 usquam
549 3703 666 3780 Bentley
775 3717 790 3762 3
814 3710 978 3774 bimestrum
1001 3710 1037 3763 M
1041 3751 1048 3772 ,
1073 3709 1233 3760 bimestrem
1255 3707 1307 3775 QT

151 3801 168 3848 b
187 3791 335 3844 interiecto
350 3805 443 3843 annuo
463 3791 556 3860 spatio
577 3792 706 3846 Veldbnis
778 3795 793 3842 6
808 3789 1000 3858 postularibus
1017 3790 1076 3855 GP,
1093 3787 1306 3856 postulantibus

150 3874 298 3928 Reinesins
326 3899 329 3902 ·
362 3938 365 3944 ι
423 3870 486 3924 tin
510 3871 702 3939 cognoscendo
725 3869 758 3923 T‘
780 3871 817 3939 (R
837 3872 867 3922 in
890 3887 985 3940 niara,
1009 3870 1040 3921 in
1063 3873 1138 3922 testa
1160 3869 1239 3921 babet
1258 3882 1304 3918 co·

149 3951 314 4024 gnoscendi)
372 3956 386 4003 9
408 3953 505 4020 ageret
522 3949 554 4004 Ψ
575 3953 669 4006 dubito
683 3970 750 4006 nant
766 3957 834 4006 recte
848 3951 990 4019 (ageretur
1007 3949 1097 4018 Ona),
1111 3965 1161 4002 orn.
1179 3947 1307 4010 MGLP,
1369 3993 1371 3995 .

150 4033 299 4104 quaereret
313 4038 364 4085 ant
376 4033 464 4085 siniile
478 4033 591 4086 narbam
605 4033 741 4086 desiderat
755 4033 888 4086 Baebeler
962 4035 995 4083 10
1015 4029 1066 4082 sed
1085 4028 1124 4098 et]
1144 4028 1193 4082 sed
1208 4047 1224 4086 ς
1239 4027 1307 4094 (Ur-

149 4116 239 4184 sinas)
258 4113 441 4180 fertranus
536 4116 568 4163 14
588 4111 718 4164 admissis
738 4128 755 4163 a
772 4113 831 4177 Gr,
851 4111 975 4166 admissa
991 4111 1053 4173 Me,
1073 4107 1209 4160 admissos
1225 4111 1253 4158 X
1265 4110 1310 4173 (at

149 4199 183 4251 in
197 4196 223 4249 L
238 4210 305 4248 corr.
324 4208 357 4245 ea
372 4191 512 4260 admissis)
590 4197 622 4243 21
639 4191 781 4246 nonnullis
801 4195 830 4245 et
849 4192 1005 4258 transponit
1023 4189 1139 4256 Lipsiae
1158 4186 1304 4255 (dignitati

150 4280 180 4332 et
194 4275 311 4342 Bentley
330 4273 497 4340 dubitanter)
590 4274 622 4324 22
643 4271 692 4324 sed
711 4273 818 4339 etpost
837 4270 955 4323 militari
975 4271 1038 4322 add.
1058 4271 1082 4320 Τ
1099 4267 1235 4336 (militari,
1255 4266 1305 4318 sed

150 4359 180 4412 et
204 4354 238 4407 de
266 4352 489 4421 quibuscumque
508 4351 599 4406 rebus.
641 4351 787 4405 Orationes
807 4352 944 4420 Bentley,«
962 4349 1004 4401 dc·
1025 4347 1194 4414 quibusdam
1220 4346 1305 4400 rebus

149 4439 282 4508 alassema
300 4439 384 4500 putat
405 4433 437 4485 G.
450 4433 561 4500 Becker)
652 4438 685 4484 24
706 4435 735 4484 et
757 4431 807 4484 dcl.
823 4431 938 4484 Ernesti
1000 4461 1002 4466 ·
1029 4434 1062 4481 25
1082 4445 1201 4496 quarum
1220 4427 1307 4495 1105,

84 4563 88 4568 .
150 4529 269 4581 quorum
288 4511 334 4563 rel.
350 4513 397 4580 (a)
471 4510 574 4564 solaria
595 4514 620 4566 G
947 4515 951 4520 '
1284 4539 1289 4544 -
