3108 5102
474 332 584 386 Drvvs
604 333 852 387 VESPASIANVS
870 346 938 394 [cnr.
954 345 1014 394 2-4]
1250 335 1315 398 309

161 500 303 563 maniam
329 497 447 562 missus
466 501 529 582 ert;
552 496 627 563 inde
646 497 681 560 in
699 495 903 561 Britanniam
921 496 1095 562 translatus
1115 497 1223 562 tricies
1242 519 1315 563 cum

159 605 253 670 hoste
271 604 427 670 conflixit.
456 603 534 668 duas
549 604 765 668 ualidissimas
778 609 889 689 gentes
900 625 1058 689 superque
1068 603 1186 690 uiginti
1199 605 1317 689 oppida

160 716 194 775 et
216 711 357 776 insulam
380 709 514 774 Vectem
538 709 726 774 Britanniae
749 712 929 794 proximam
953 710 987 774 in
1011 709 1169 775 dicionem
1192 711 1316 797 redegit

159 817 281 901 partim
294 816 372 881 Auli
381 816 489 880 Plauti
499 817 598 903 legati
610 816 788 881 consularis
798 818 915 900 partim
929 814 1082 901 Claudifi]
1094 818 1195 901 ipsius
1209 817 1315 882 ductu.

128 950 143 990 s
162 946 260 1007 quare
284 921 495 1007 triumphalia
520 927 708 987 ornamenta
730 927 762 987 et
786 924 820 987 in
841 923 933 987 breui
956 924 1061 1007 spatio
1080 923 1198 1009 duplex
1217 946 1317 988 sacer·
1335 943 1351 990 2

162 1030 288 1095 dotium
314 1030 451 1115 accepit,
480 1035 643 1114 praeterea
666 1029 881 1113 consulatum,
910 1052 1004 1114 quem
1027 1029 1129 1117 gessit
1155 1055 1212 1116 per
1235 1031 1315 1095 duos

161 1138 359 1202 nouissimos
387 1136 463 1200 anni
486 1157 619 1201 menses.
670 1136 811 1200 medium
835 1141 963 1221 tempus
991 1137 1029 1200 ad
1052 1138 1315 1221 proconsulatum

161 1265 263 1327 usque
287 1245 322 1307 in
346 1243 413 1307 otio
443 1264 632 1327 secessuque
657 1243 731 1328 egit,
761 1241 975 1328 Agrippinam
1005 1244 1122 1308 timens
1152 1248 1316 1327 potentem

162 1349 269 1415 adhuc
293 1349 378 1435 apud
396 1348 501 1413 filium
521 1355 553 1414 et
572 1348 717 1413 defuncti
739 1371 866 1434 quoque
884 1348 1028 1414 Narcissi
1046 1351 1141 1414 amici
1159 1372 1315 1435 perosam.

115 1484 145 1523 ao
253 1455 350 1520 Exim
380 1457 516 1520 sortitus
543 1456 687 1520 Africam
717 1455 923 1542 integerrime
950 1478 1009 1521 nec
1036 1457 1103 1520 sine
1131 1479 1248 1543 magna
1271 1457 1351 1524 ‹li-s

162 1564 316 1647 gnatione
339 1562 586 1646 administrauit,
604 1563 668 1628 nisi
688 1561 774 1646 quod
794 1562 985 1627 Hadrumeti
1004 1563 1159 1629 seditione
1179 1563 1317 1646 quadam

162 1691 240 1751 rapa
270 1670 305 1733 in
335 1692 411 1733 eum
440 1670 523 1734 iacta
555 1675 638 1734 sunt.
684 1668 779 1732 rediit
809 1674 894 1734 certe
924 1670 1027 1734 nihilo
1059 1671 1251 1755 opulentior,
1281 1675 1318 1735 ut

162 1777 218 1857 qui
243 1797 343 1859 prope
366 1776 560 1840 labefactata
584 1777 648 1839 iam
672 1776 733 1840 fide
757 1776 866 1840 omnia
888 1777 1019 1861 praedia
1041 1776 1134 1840 fratri
1158 1776 1318 1862 obligaret

160 1883 403 1966 necessarioque
428 1883 467 1946 ad
500 1884 710 1968 mangonicos
738 1887 889 1966 quaestus
919 1883 1122 1948 sustinendae
1151 1883 1317 1968 dignitatis

117 2015 147 2056 rs
163 2008 258 2052 causa
277 1989 492 2074 descenderit3
516 1988 750 2074 propterquod
764 1989 864 2075 uulgo
883 1989 1001 2054 mulio
1020 1990 1206 2054 uocabatur.
1244 2011 1317 2054 con-

162 2094 269 2158 uictus
295 2117 422 2180 quoque
445 2095 564 2162 dicitur
590 2096 726 2160 ducenta
749 2096 894 2160 sestertia
913 2096 1104 2181 expressisse
1123 2095 1241 2180 iuueni,
1264 2096 1317 2160 cui

161 2200 263 2265 latum
293 2201 422 2266 clauum
450 2202 604 2267 aduersus
633 2203 734 2285 patris
762 2203 963 2267 uoluntatem
991 2204 1187 2287 impetrarat,
1215 2224 1317 2287 eoque

162 2308 292 2372 nomine
317 2311 461 2394 grauiter
484 2310 667 2392 increpitus.

252 2414 518 2499 Peregrinatione
543 2415 684 2480 Achaica
713 2416 798 2479 inter
826 2416 959 2479 comites
981 2415 1121 2480 Neronis
1149 2438 1221 2479 cum
1246 2437 1353 2484 can-4

120 2549 149 2588 ao
163 2525 254 2586 tante
283 2544 320 2586 eo
349 2527 406 2586 aut
434 2522 612 2586 discederet
640 2523 768 2606 saepius
797 2526 852 2586 aut
881 2544 1031 2606 praesens
1059 2522 1318 2605 obdormisceret,

162 2629 390 2713 grauissimam
416 2630 578 2692 contraxit
603 2629 768 2714 offensam,
792 2628 1038 2712 prohibitusque
1060 2651 1127 2693 non
1150 2629 1317 2693 contuber-

161 2736 217 2798 nio
247 2736 342 2800 modo
371 2736 426 2800 sed
454 2736 552 2799 etiam
583 2735 714 2819 publica
742 2736 935 2800 salutatione
963 2737 1094 2800 secessit
1121 2738 1155 2799 in
1182 2759 1316 2820 paruam

162 2862 199 2904 ac
226 2842 355 2906 deuiam
383 2842 556 2926 ciuitatem,
591 2842 697 2925 quoad
725 2843 839 2907 latenti
867 2844 1027 2925 etiamque
1051 2848 1194 2906 extrema
1217 2846 1316 2907 metu·

162 2949 228 3012 enti
252 2951 422 3033 prouincia
447 2971 519 3012 cum
547 2948 689 3013 exercitu
714 2950 822 3013 oblata
844 2955 900 3013 est.

120 3082 147 3122 as
253 3054 498 3120 Percrebruerat
525 3053 657 3119 Oriente
680 3058 751 3120 toto
777 3059 870 3120 uetus
894 3060 926 3119 et
950 3059 1100 3120 constans
1121 3056 1231 3141 opinio
1250 3077 1352 3124 essen

162 3163 196 3225 in
225 3161 301 3225 fatis
325 3168 361 3225 ut
385 3183 422 3225 eo
446 3166 590 3245 tempore
617 3160 735 3226 Iudaea
757 3162 893 3245 profecti
918 3184 1026 3226 rerum
1049 3163 1238 3246 potirentur.
1285 3162 1319 3225 id

235 3361 335 3422 25sqq.
358 3356 433 3409 Oros.
450 3355 510 3408 VII
522 3359 576 3422 9,2
599 3355 762 3408 ludaei...
782 3354 953 3422 quibusdam
971 3354 1001 3407 in
1021 3354 1147 3408 Carmelo
1166 3356 1261 3408 monte
1280 3357 1317 3423 (u.

158 3451 188 3504 p.
205 3439 267 3501 311,
276 3438 324 3504 22)
345 3436 454 3488 seducti
474 3435 604 3502 sortibus,
634 3451 706 3503 quae
726 3435 926 3503 portenderent
945 3438 1055 3489 exortos
1074 3451 1091 3488 a
1110 3435 1214 3488 Iudaea
1233 3435 1318 3489 duces

162 3532 255 3568 rerum
278 3515 418 3583 potituros
442 3515 514 3582 fore,
543 3515 778 3584 praedictumque
801 3515 838 3568 ad
862 3533 890 3568 se
915 3515 1058 3570 trahentes
1083 3516 1113 3568 in
1135 3515 1319 3569 rebellionem

163 3597 327 3648 exarserunt
347 3595 534 3664 extinctisque
548 3596 683 3649 Romanis
704 3595 854 3665 praesidiis
872 3595 1000 3666 legatum
1016 3613 1127 3665 quoque
1143 3595 1239 3664 Syriae
1254 3613 1318 3664 sup·

163 3674 257 3742 petias
276 3675 414 3728 ferentem
431 3679 514 3744 rapta
533 3676 631 3743 aquila
650 3677 795 3745 caesisque
815 3677 904 3745 copiis
924 3676 1103 3746 fugaucrunt.

236 3842 250 3887 1
276 3835 308 3888 in
327 3853 378 3890 om.
395 3837 432 3889 M
489 3835 584 3890 tricies
604 3839 633 3890 et
652 3835 696 3889 bis
716 3838 835 3904 Eutrop.
909 3842 925 3889 2
948 3856 993 3890 xx.
1015 3837 1093 3891 GTL
1166 3836 1319 3890 3Vectam

163 3917 285 3983 Eutrop.
306 3913 422 3985 (Βέκτην
446 3917 562 3985 Paeon.)
609 3979 612 3984 ⁵
643 3916 817 3970 deditionem
844 3917 902 3971 GH
990 3923 1007 3969 4
1035 3915 1128 3985 plauti
1155 3916 1246 3985 palati
1275 3918 1319 3983 M,

162 3994 287 4064 palatini
311 3996 399 4063 (tani
421 3997 452 4066 Q)
475 3998 499 4047 Τ
599 4003 615 4049 9
646 3995 750 4049 amicos
770 4013 900 4064 peresam
920 4014 936 4055 ς
960 3998 1030 4067 (edd.
1043 4014 1088 4066 pr.
1104 3997 1204 4065 Rom),
1223 3995 1319 4050 amici-

163 4074 234 4128 tiam
259 4075 446 4144 periculosam
467 4077 564 4130 Modd.
658 4082 691 4128 10
721 4075 803 4128 Exim
824 4078 872 4142 M,
897 4076 969 4129 Exin
987 4078 1048 4143 rel,
1071 4078 1105 4143 cf.
1128 4077 1256 4132 Galbae

165 4162 197 4209 11
227 4154 365 4224 quiddam
383 4156 546 4224 rapinarum
565 4156 597 4208 in
617 4173 681 4209 eum
698 4156 843 4209 iactarunt
862 4157 888 4211 G
967 4161 999 4210 13
1027 4157 1171 4211 labefacta
1190 4162 1219 4210 X
1234 4159 1320 4226 (tata

164 4234 214 4304 L’)
313 4234 396 4289 fratri
423 4236 540 4305 praedia
571 4235 596 4289 d
698 4235 869 4305 obligauerit
895 4240 930 4306 (et
956 4255 990 4292 se.
1014 4236 1031 4290 t
1052 4239 1106 4307 ret)
1130 4257 1155 4303 ε,
1185 4237 1320 4307 obligarit

164 4316 307 4385 Epuutius
389 4322 422 4370 lo
450 4316 496 4369 cui
515 4317 666 4372 Sabellicus
685 4315 750 4385 (ςὲ),
771 4316 820 4384 qui
838 4319 864 4370 a
946 4324 978 4370 22
1010 4316 1248 4372 satisfactioneT

165 4401 198 4448 23
218 4395 373 4467 etiamque]
392 4399 421 4451 et
438 4395 498 4449 iam
517 4398 633 4467 Bcutlcy
646 4397 690 4466 (cf.
708 4397 804 4465 Cam)
875 4403 908 4450 25
930 4397 1130 4466 percrubuerat
1145 4399 1189 4464 M,
1207 4398 1320 4453 -buerat
1413 4423 1415 4428 ·

164 4477 247 4529 ctiam
266 4477 314 4530 rel.
329 4483 440 4544 practer
454 4476 563 4547 L¹11²Q
636 4493 696 4530 essa
715 4477 745 4528 in
763 4475 830 4530 fatis
850 4495 899 4532 om.
918 4478 943 4533 G
