<?xml version="1.0" encoding="UTF-8"?>
<!DOCTYPE html PUBLIC "-//W3C//DTD XHTML 1.0 Transitional//EN"
    "http://www.w3.org/TR/xhtml1/DTD/xhtml1-transitional.dtd">
<html xmlns="http://www.w3.org/1999/xhtml" xml:lang="en" lang="en">
 <head>
  <title>
</title>
<meta http-equiv="Content-Type" content="text/html;charset=utf-8" />
  <meta name='ocr-system' content='tesseract 3.04.00' />
  <meta name='ocr-capabilities' content='ocr_page ocr_carea ocr_par ocr_line ocrx_word'/>
</head>
<body>
  <div class='ocr_page' id='page_1' title='image "./csuetoniitranqu01suetgoog_0072.png"; bbox 0 0 3098 5110; ppageno 0'>
   <div class='ocr_carea' id='block_1_1' title="bbox 260 344 1058 409">
    <p class='ocr_par' dir='ltr' id='par_1_1' title="bbox 260 344 1058 409">
     <span class='ocr_line' id='line_1_1' title="bbox 260 344 1058 409; baseline -0.001 -11"><span class='ocrx_word' id='word_1_1' title='bbox 260 345 281 408; x_wconf 78' lang='grc'><em>2</em></span> <span class='ocrx_word' id='word_1_2' title='bbox 613 344 640 406; x_wconf 77' lang='lat' dir='ltr'>C.</span> <span class='ocrx_word' id='word_1_3' title='bbox 660 344 817 399; x_wconf 83' lang='lat' dir='ltr'>SVETONI</span> <span class='ocrx_word' id='word_1_4' title='bbox 835 344 1058 409; x_wconf 79' lang='lat' dir='ltr'><strong>TRANQVILLI</strong></span> 
     </span>
    </p>
   </div>
   <div class='ocr_carea' id='block_1_2' title="bbox 224 505 1454 3571">
    <p class='ocr_par' dir='ltr' id='par_1_2' title="bbox 225 505 1452 1230">
     <span class='ocr_line' id='line_1_2' title="bbox 225 505 1411 593; baseline 0.002 -23"><span class='ocrx_word' id='word_1_5' title='bbox 225 523 240 570; x_wconf 81' lang='lat' dir='ltr'>a</span> <span class='ocrx_word' id='word_1_6' title='bbox 262 505 413 590; x_wconf 89' lang='lat' dir='ltr'>compelli</span> <span class='ocrx_word' id='word_1_7' title='bbox 436 527 455 569; x_wconf 89' lang='lat' dir='ltr'>a</span> <span class='ocrx_word' id='word_1_8' title='bbox 478 507 634 572; x_wconf 71' lang='lat' dir='ltr'>dictatore</span> <span class='ocrx_word' id='word_1_9' title='bbox 656 505 746 572; x_wconf 87' lang='lat' dir='ltr'>Sulla</span> <span class='ocrx_word' id='word_1_10' title='bbox 768 507 835 572; x_wconf 85' lang='lat' dir='ltr'>ullo</span> <span class='ocrx_word' id='word_1_11' title='bbox 860 508 956 572; x_wconf 92' lang='lat' dir='ltr'>modo</span> <span class='ocrx_word' id='word_1_12' title='bbox 979 509 1095 593; x_wconf 91' lang='lat' dir='ltr'>potuit.</span> <span class='ocrx_word' id='word_1_13' title='bbox 1134 531 1231 592; x_wconf 90' lang='lat' dir='ltr'>quare</span> <span class='ocrx_word' id='word_1_14' title='bbox 1254 513 1287 574; x_wconf 91' lang='lat' dir='ltr'>et</span> <span class='ocrx_word' id='word_1_15' title='bbox 1311 532 1411 576; x_wconf 86' lang='lat' dir='ltr'>saeer-</span> 
     </span>
     <span class='ocr_line' id='line_1_3' title="bbox 262 613 1410 699; baseline 0.002 -21"><span class='ocrx_word' id='word_1_16' title='bbox 262 614 350 678; x_wconf 91' lang='lat' dir='ltr'>dotio</span> <span class='ocrx_word' id='word_1_17' title='bbox 374 617 406 677; x_wconf 91' lang='lat' dir='ltr'>et</span> <span class='ocrx_word' id='word_1_18' title='bbox 426 613 537 676; x_wconf 87' lang='lat' dir='ltr'>uxoris</span> <span class='ocrx_word' id='word_1_19' title='bbox 557 615 631 678; x_wconf 90' lang='lat' dir='ltr'>dote</span> <span class='ocrx_word' id='word_1_20' title='bbox 651 617 682 677; x_wconf 91' lang='lat' dir='ltr'>et</span> <span class='ocrx_word' id='word_1_21' title='bbox 702 615 863 699; x_wconf 87' lang='lat' dir='ltr'>gentilicis</span> <span class='ocrx_word' id='word_1_22' title='bbox 881 613 1114 679; x_wconf 74' lang='lat' dir='ltr'>hereditatibus</span> <span class='ocrx_word' id='word_1_23' title='bbox 1133 615 1289 680; x_wconf 85' lang='lat' dir='ltr'>multatus</span> <span class='ocrx_word' id='word_1_24' title='bbox 1308 617 1410 680; x_wconf 91' lang='lat' dir='ltr'>diuer-</span> 
     </span>
     <span class='ocr_line' id='line_1_4' title="bbox 263 719 1412 805; baseline 0.003 -21"><span class='ocrx_word' id='word_1_25' title='bbox 263 742 370 784; x_wconf 90' lang='lat' dir='ltr'>sarum</span> <span class='ocrx_word' id='word_1_26' title='bbox 389 720 530 802; x_wconf 89' lang='lat' dir='ltr'>partium</span> <span class='ocrx_word' id='word_1_27' title='bbox 549 719 734 798; x_wconf 79' lang='lat' dir='ltr'>habebatur,</span> <span class='ocrx_word' id='word_1_28' title='bbox 753 724 790 784; x_wconf 90' lang='lat' dir='ltr'>ut</span> <span class='ocrx_word' id='word_1_29' title='bbox 809 721 906 785; x_wconf 89' lang='lat' dir='ltr'>etiam</span> <span class='ocrx_word' id='word_1_30' title='bbox 926 721 1086 785; x_wconf 84' lang='lat' dir='ltr'>discedere</span> <span class='ocrx_word' id='word_1_31' title='bbox 1100 744 1118 785; x_wconf 91' lang='lat' dir='ltr'>e</span> <span class='ocrx_word' id='word_1_32' title='bbox 1132 722 1238 786; x_wconf 91' lang='lat' dir='ltr'>medio</span> <span class='ocrx_word' id='word_1_33' title='bbox 1254 726 1287 787; x_wconf 90' lang='lat' dir='ltr'>et</span> <span class='ocrx_word' id='word_1_34' title='bbox 1302 745 1412 805; x_wconf 89' lang='lat' dir='ltr'>quam·</span> 
     </span>
     <span class='ocr_line' id='line_1_5' title="bbox 262 826 1412 913; baseline 0.003 -25"><span class='ocrx_word' id='word_1_35' title='bbox 262 848 358 910; x_wconf 92' lang='lat' dir='ltr'>quam</span> <span class='ocrx_word' id='word_1_36' title='bbox 382 826 495 890; x_wconf 91' lang='lat' dir='ltr'>morbo</span> <span class='ocrx_word' id='word_1_37' title='bbox 520 831 692 908; x_wconf 86' lang='lat' dir='ltr'>quartanae</span> <span class='ocrx_word' id='word_1_38' title='bbox 716 827 911 912; x_wconf 86' lang='lat' dir='ltr'>adgrauante</span> <span class='ocrx_word' id='word_1_39' title='bbox 934 849 1033 912; x_wconf 89' lang='lat' dir='ltr'>prope</span> <span class='ocrx_word' id='word_1_40' title='bbox 1056 851 1114 912; x_wconf 90' lang='lat' dir='ltr'>per</span> <span class='ocrx_word' id='word_1_41' title='bbox 1137 829 1280 913; x_wconf 89' lang='lat' dir='ltr'>singulas</span> <span class='ocrx_word' id='word_1_42' title='bbox 1299 833 1412 894; x_wconf 88' lang='lat' dir='ltr'>noctes</span> 
     </span>
     <span class='ocr_line' id='line_1_6' title="bbox 261 933 1452 1020; baseline 0.004 -25"><span class='ocrx_word' id='word_1_43' title='bbox 261 937 458 996; x_wconf 88' lang='lat' dir='ltr'>commutare</span> <span class='ocrx_word' id='word_1_44' title='bbox 481 933 620 996; x_wconf 89' lang='lat' dir='ltr'>latebras</span> <span class='ocrx_word' id='word_1_45' title='bbox 645 937 814 1018; x_wconf 83' lang='lat' dir='ltr'>cogeretur</span> <span class='ocrx_word' id='word_1_46' title='bbox 837 955 933 1018; x_wconf 89' lang='lat' dir='ltr'>seque</span> <span class='ocrx_word' id='word_1_47' title='bbox 952 935 991 998; x_wconf 92' lang='lat' dir='ltr'>ab</span> <span class='ocrx_word' id='word_1_48' title='bbox 1011 935 1256 1018; x_wconf 86' lang='lat' dir='ltr'>inquisitoribus</span> <span class='ocrx_word' id='word_1_49' title='bbox 1275 938 1412 1020; x_wconf 89' lang='lat' dir='ltr'>pecunia</span> <span class='ocrx_word' id='word_1_50' title='bbox 1440 961 1452 1000; x_wconf 81' lang='lat' dir='ltr'>s</span> 
     </span>
     <span class='ocr_line' id='line_1_7' title="bbox 260 1039 1409 1125; baseline 0.003 -22"><span class='ocrx_word' id='word_1_51' title='bbox 260 1039 443 1123; x_wconf 81' lang='lat' dir='ltr'>redimeret,</span> <span class='ocrx_word' id='word_1_52' title='bbox 483 1039 583 1104; x_wconf 92' lang='lat' dir='ltr'>donec</span> <span class='ocrx_word' id='word_1_53' title='bbox 619 1063 677 1124; x_wconf 90' lang='lat' dir='ltr'>per</span> <span class='ocrx_word' id='word_1_54' title='bbox 709 1040 851 1125; x_wconf 90' lang='lat' dir='ltr'>uirgines</span> <span class='ocrx_word' id='word_1_55' title='bbox 883 1039 1030 1105; x_wconf 83' lang='lat' dir='ltr'>Vestales</span> <span class='ocrx_word' id='word_1_56' title='bbox 1062 1063 1182 1125; x_wconf 88' lang='lat' dir='ltr'>perque</span> <span class='ocrx_word' id='word_1_57' title='bbox 1214 1041 1409 1106; x_wconf 76' lang='lat' dir='ltr'>Mamercum</span> 
     </span>
     <span class='ocr_line' id='line_1_8' title="bbox 260 1141 1411 1230; baseline 0.002 -20"><span class='ocrx_word' id='word_1_58' title='bbox 260 1145 437 1210; x_wconf 89' lang='lat' dir='ltr'>Aemilium</span> <span class='ocrx_word' id='word_1_59' title='bbox 470 1150 501 1208; x_wconf 91' lang='lat' dir='ltr'>ct</span> <span class='ocrx_word' id='word_1_60' title='bbox 529 1144 698 1210; x_wconf 81' lang='lat' dir='ltr'>Aurelium</span> <span class='ocrx_word' id='word_1_61' title='bbox 727 1145 854 1211; x_wconf 81' lang='lat' dir='ltr'>Cottam</span> <span class='ocrx_word' id='word_1_62' title='bbox 888 1147 1086 1230; x_wconf 91' lang='lat' dir='ltr'>propinquos</span> <span class='ocrx_word' id='word_1_63' title='bbox 1120 1153 1152 1212; x_wconf 93' lang='lat' dir='ltr'>et</span> <span class='ocrx_word' id='word_1_64' title='bbox 1184 1141 1304 1213; x_wconf 88' lang='lat' dir='ltr'>adfines</span> <span class='ocrx_word' id='word_1_65' title='bbox 1336 1171 1411 1213; x_wconf 88' lang='lat' dir='ltr'>suos</span> 
     </span>
    </p>

    <p class='ocr_par' dir='ltr' id='par_1_3' title="bbox 226 1251 1454 2063">
     <span class='ocr_line' id='line_1_9' title="bbox 226 1251 1411 1338; baseline 0.003 -24"><span class='ocrx_word' id='word_1_66' title='bbox 226 1251 388 1316; x_wconf 74' lang='lat' dir='ltr'>ananiam</span> <span class='ocrx_word' id='word_1_67' title='bbox 412 1251 606 1334; x_wconf 88' lang='lat' dir='ltr'>impetrauit.</span> <span class='ocrx_word' id='word_1_68' title='bbox 653 1255 730 1316; x_wconf 91' lang='lat' dir='ltr'>satis</span> <span class='ocrx_word' id='word_1_69' title='bbox 756 1256 878 1317; x_wconf 90' lang='lat' dir='ltr'>constat</span> <span class='ocrx_word' id='word_1_70' title='bbox 903 1251 1039 1337; x_wconf 80' lang='lat' dir='ltr'>Sullam,</span> <span class='ocrx_word' id='word_1_71' title='bbox 1069 1275 1141 1318; x_wconf 89' lang='lat' dir='ltr'>cum</span> <span class='ocrx_word' id='word_1_72' title='bbox 1166 1255 1411 1338; x_wconf 88' lang='lat' dir='ltr'>deprecantibus</span> 
     </span>
     <span class='ocr_line' id='line_1_10' title="bbox 261 1359 1411 1444; baseline 0.002 -22"><span class='ocrx_word' id='word_1_73' title='bbox 261 1359 465 1422; x_wconf 86' lang='lat' dir='ltr'>amicissimis</span> <span class='ocrx_word' id='word_1_74' title='bbox 489 1363 521 1422; x_wconf 90' lang='lat' dir='ltr'>et</span> <span class='ocrx_word' id='word_1_75' title='bbox 545 1360 758 1424; x_wconf 91' lang='lat' dir='ltr'>ornatissimis</span> <span class='ocrx_word' id='word_1_76' title='bbox 781 1360 861 1424; x_wconf 92' lang='lat' dir='ltr'>uiris</span> <span class='ocrx_word' id='word_1_77' title='bbox 885 1360 1082 1443; x_wconf 86' lang='lat' dir='ltr'>aliquamdiu</span> <span class='ocrx_word' id='word_1_78' title='bbox 1106 1362 1294 1444; x_wconf 87' lang='lat' dir='ltr'>denegasset</span> <span class='ocrx_word' id='word_1_79' title='bbox 1314 1366 1411 1444; x_wconf 90' lang='lat' dir='ltr'>atque</span> 
     </span>
     <span class='ocr_line' id='line_1_11' title="bbox 261 1465 1454 1552; baseline 0.002 -24"><span class='ocrx_word' id='word_1_80' title='bbox 261 1466 310 1529; x_wconf 92' lang='lat' dir='ltr'>illi</span> <span class='ocrx_word' id='word_1_81' title='bbox 329 1465 536 1550; x_wconf 88' lang='lat' dir='ltr'>pertinaciter</span> <span class='ocrx_word' id='word_1_82' title='bbox 554 1465 791 1548; x_wconf 89' lang='lat' dir='ltr'>contenderent,</span> <span class='ocrx_word' id='word_1_83' title='bbox 809 1470 1029 1550; x_wconf 85' lang='lat' dir='ltr'>expugnatum</span> <span class='ocrx_word' id='word_1_84' title='bbox 1047 1466 1178 1531; x_wconf 89' lang='lat' dir='ltr'>tandem</span> <span class='ocrx_word' id='word_1_85' title='bbox 1196 1469 1411 1552; x_wconf 87' lang='lat' dir='ltr'>proclamasse</span> <span class='ocrx_word' id='word_1_86' title='bbox 1428 1493 1454 1532; x_wconf 79' lang='lat' dir='ltr'>ro</span> 
     </span>
     <span class='ocr_line' id='line_1_12' title="bbox 262 1572 1411 1656; baseline 0.003 -22"><span class='ocrx_word' id='word_1_87' title='bbox 262 1573 332 1636; x_wconf 91' lang='lat' dir='ltr'>siue</span> <span class='ocrx_word' id='word_1_88' title='bbox 366 1572 521 1635; x_wconf 91' lang='lat' dir='ltr'>diuinitus</span> <span class='ocrx_word' id='word_1_89' title='bbox 554 1573 622 1635; x_wconf 91' lang='lat' dir='ltr'>siue</span> <span class='ocrx_word' id='word_1_90' title='bbox 655 1572 762 1656; x_wconf 90' lang='lat' dir='ltr'>aliqua</span> <span class='ocrx_word' id='word_1_91' title='bbox 794 1575 992 1637; x_wconf 89' lang='lat' dir='ltr'>coniectura:</span> <span class='ocrx_word' id='word_1_92' title='bbox 1029 1573 1230 1638; x_wconf 88' lang='lat' dir='ltr'>uincerent</span> <span class='ocrx_word' id='word_1_93' title='bbox 1262 1595 1304 1640; x_wconf 89' lang='lat' dir='ltr'>ac</span> <span class='ocrx_word' id='word_1_94' title='bbox 1337 1575 1411 1638; x_wconf 90' lang='lat' dir='ltr'>sibi</span> 
     </span>
     <span class='ocr_line' id='line_1_13' title="bbox 260 1677 1410 1762; baseline 0.001 -20"><span class='ocrx_word' id='word_1_95' title='bbox 260 1677 461 1760; x_wconf 86' lang='lat' dir='ltr'>haberent,</span> <span class='ocrx_word' id='word_1_96' title='bbox 494 1679 578 1743; x_wconf 91' lang='lat' dir='ltr'>dum</span> <span class='ocrx_word' id='word_1_97' title='bbox 607 1680 718 1742; x_wconf 91' lang='lat' dir='ltr'>modo</span> <span class='ocrx_word' id='word_1_98' title='bbox 747 1679 891 1744; x_wconf 87' lang='lat' dir='ltr'>scirent</span> <span class='ocrx_word' id='word_1_99' title='bbox 919 1703 1014 1761; x_wconf 91' lang='lat' dir='ltr'>eum,</span> <span class='ocrx_word' id='word_1_100' title='bbox 1047 1702 1155 1762; x_wconf 92' lang='lat' dir='ltr'>quern</span> <span class='ocrx_word' id='word_1_101' title='bbox 1182 1679 1410 1743; x_wconf 88' lang='lat' dir='ltr'>incolumem</span> 
     </span>
     <span class='ocr_line' id='line_1_14' title="bbox 260 1786 1411 1870; baseline 0.002 -23"><span class='ocrx_word' id='word_1_102' title='bbox 260 1789 370 1848; x_wconf 89' lang='lat' dir='ltr'>tanto</span> <span class='ocrx_word' id='word_1_103' title='bbox 399 1806 513 1868; x_wconf 91' lang='lat' dir='ltr'>opere</span> <span class='ocrx_word' id='word_1_104' title='bbox 542 1791 738 1869; x_wconf 89' lang='lat' dir='ltr'>cuperent,</span> <span class='ocrx_word' id='word_1_105' title='bbox 767 1786 993 1870; x_wconf 89' lang='lat' dir='ltr'>quandoque</span> <span class='ocrx_word' id='word_1_106' title='bbox 1022 1787 1267 1868; x_wconf 88' lang='lat' dir='ltr'>optimatium</span> <span class='ocrx_word' id='word_1_107' title='bbox 1291 1788 1411 1869; x_wconf 59' lang='lat' dir='ltr'>parti-¹</span> 
     </span>
     <span class='ocr_line' id='line_1_15' title="bbox 260 1892 1411 1977; baseline 0.002 -23"><span class='ocrx_word' id='word_1_108' title='bbox 260 1893 344 1976; x_wconf 89' lang='lat' dir='ltr'>bus,</span> <span class='ocrx_word' id='word_1_109' title='bbox 373 1913 465 1974; x_wconf 93' lang='lat' dir='ltr'>quas</span> <span class='ocrx_word' id='word_1_110' title='bbox 490 1913 614 1955; x_wconf 89' lang='lat' dir='ltr'>secum</span> <span class='ocrx_word' id='word_1_111' title='bbox 638 1892 753 1956; x_wconf 90' lang='lat' dir='ltr'>simul</span> <span class='ocrx_word' id='word_1_112' title='bbox 776 1892 1053 1975; x_wconf 82' lang='lat' dir='ltr'>defendissent,</span> <span class='ocrx_word' id='word_1_113' title='bbox 1081 1893 1201 1956; x_wconf 86' lang='lat' dir='ltr'>exitio</span> <span class='ocrx_word' id='word_1_114' title='bbox 1225 1894 1411 1977; x_wconf 74' lang='lat' dir='ltr'>futurum,</span> 
     </span>
     <span class='ocr_line' id='line_1_16' title="bbox 261 1996 1453 2063; baseline 0.001 -2"><span class='ocrx_word' id='word_1_115' title='bbox 261 2021 344 2061; x_wconf 91' lang='lat' dir='ltr'>nam</span> <span class='ocrx_word' id='word_1_116' title='bbox 368 1996 523 2062; x_wconf 79' lang='lat' dir='ltr'>(laesuri</span> <span class='ocrx_word' id='word_1_117' title='bbox 546 2000 689 2062; x_wconf 90' lang='lat' dir='ltr'>multos</span> <span class='ocrx_word' id='word_1_118' title='bbox 712 1997 854 2063; x_wconf 91' lang='lat' dir='ltr'>Marios</span> <span class='ocrx_word' id='word_1_119' title='bbox 878 1999 1014 2063; x_wconf 89' lang='lat' dir='ltr'>inesse.</span> <span class='ocrx_word' id='word_1_120' title='bbox 1426 2022 1453 2062; x_wconf 81' lang='lat' dir='ltr'>rs</span> 
     </span>
    </p>

    <p class='ocr_par' dir='ltr' id='par_1_4' title="bbox 225 2100 1454 2830">
     <span class='ocr_line' id='line_1_17' title="bbox 225 2100 1411 2189; baseline 0.003 -24"><span class='ocrx_word' id='word_1_121' title='bbox 225 2100 246 2165; x_wconf 78' lang='lat'><strong>2</strong></span> <span class='ocrx_word' id='word_1_122' title='bbox 352 2103 520 2189; x_wconf 85' lang='lat' dir='ltr'>Stipendia</span> <span class='ocrx_word' id='word_1_123' title='bbox 551 2106 655 2188; x_wconf 89' lang='lat' dir='ltr'>prima</span> <span class='ocrx_word' id='word_1_124' title='bbox 687 2105 721 2167; x_wconf 92' lang='lat' dir='ltr'>in</span> <span class='ocrx_word' id='word_1_125' title='bbox 749 2105 828 2168; x_wconf 88' lang='lat' dir='ltr'>Asia</span> <span class='ocrx_word' id='word_1_126' title='bbox 859 2105 936 2169; x_wconf 91' lang='lat' dir='ltr'>fecit</span> <span class='ocrx_word' id='word_1_127' title='bbox 963 2105 1063 2169; x_wconf 90' lang='lat' dir='ltr'>Marci</span> <span class='ocrx_word' id='word_1_128' title='bbox 1092 2105 1222 2169; x_wconf 81' lang='lat' dir='ltr'>Thermi</span> <span class='ocrx_word' id='word_1_129' title='bbox 1253 2107 1411 2189; x_wconf 88' lang='lat' dir='ltr'>praetoris</span> 
     </span>
     <span class='ocr_line' id='line_1_18' title="bbox 262 2212 1444 2306; baseline 0 -30"><span class='ocrx_word' id='word_1_130' title='bbox 262 2212 484 2296; x_wconf 70' lang='lat' dir='ltr'>coutubernio,</span> <span class='ocrx_word' id='word_1_131' title='bbox 517 2234 536 2274; x_wconf 98' lang='lat' dir='ltr'>a</span> <span class='ocrx_word' id='word_1_132' title='bbox 569 2233 632 2294; x_wconf 93' lang='lat' dir='ltr'>quo</span> <span class='ocrx_word' id='word_1_133' title='bbox 666 2212 705 2274; x_wconf 89' lang='lat' dir='ltr'>ad</span> <span class='ocrx_word' id='word_1_134' title='bbox 738 2213 959 2306; x_wconf 63' lang='lat' dir='ltr'>arcessendam</span> <span class='ocrx_word' id='word_1_135' title='bbox 992 2214 1123 2276; x_wconf 87' lang='lat' dir='ltr'>classem</span> <span class='ocrx_word' id='word_1_136' title='bbox 1157 2212 1191 2276; x_wconf 93' lang='lat' dir='ltr'>in</span> <span class='ocrx_word' id='word_1_137' title='bbox 1223 2212 1410 2296; x_wconf 87' lang='lat' dir='ltr'>Bithyniam</span> <span class='ocrx_word' id='word_1_138' title='bbox 1442 2247 1444 2254; x_wconf 95' lang='lat'>·</span> 
     </span>
     <span class='ocr_line' id='line_1_19' title="bbox 262 2317 1411 2402; baseline 0 -20"><span class='ocrx_word' id='word_1_139' title='bbox 262 2321 376 2382; x_wconf 90' lang='lat' dir='ltr'>missus</span> <span class='ocrx_word' id='word_1_140' title='bbox 405 2319 527 2381; x_wconf 90' lang='lat' dir='ltr'>desedit</span> <span class='ocrx_word' id='word_1_141' title='bbox 556 2318 640 2400; x_wconf 88' lang='lat' dir='ltr'>apud</span> <span class='ocrx_word' id='word_1_142' title='bbox 662 2317 874 2401; x_wconf 89' lang='lat' dir='ltr'>Nicomeden,</span> <span class='ocrx_word' id='word_1_143' title='bbox 901 2340 966 2382; x_wconf 90' lang='lat' dir='ltr'>non</span> <span class='ocrx_word' id='word_1_144' title='bbox 991 2319 1058 2382; x_wconf 92' lang='lat' dir='ltr'>sine</span> <span class='ocrx_word' id='word_1_145' title='bbox 1081 2340 1209 2383; x_wconf 90' lang='lat' dir='ltr'>rumore</span> <span class='ocrx_word' id='word_1_146' title='bbox 1231 2324 1411 2402; x_wconf 86' lang='lat' dir='ltr'>prostratae</span> 
     </span>
     <span class='ocr_line' id='line_1_20' title="bbox 261 2424 1410 2511; baseline 0.001 -23"><span class='ocrx_word' id='word_1_147' title='bbox 261 2426 330 2511; x_wconf 91' lang='lat' dir='ltr'>regi</span> <span class='ocrx_word' id='word_1_148' title='bbox 353 2424 539 2508; x_wconf 88' lang='lat' dir='ltr'>pudicitiae;</span> <span class='ocrx_word' id='word_1_149' title='bbox 564 2447 658 2506; x_wconf 91' lang='lat' dir='ltr'>quem</span> <span class='ocrx_word' id='word_1_150' title='bbox 680 2447 842 2488; x_wconf 88' lang='lat' dir='ltr'>rumorem</span> <span class='ocrx_word' id='word_1_151' title='bbox 862 2426 952 2489; x_wconf 83' lang='lat' dir='ltr'>auxit</span> <span class='ocrx_word' id='word_1_152' title='bbox 971 2425 1055 2488; x_wconf 90' lang='lat' dir='ltr'>intra</span> <span class='ocrx_word' id='word_1_153' title='bbox 1074 2446 1194 2508; x_wconf 87' lang='lat' dir='ltr'>paucos</span> <span class='ocrx_word' id='word_1_154' title='bbox 1213 2447 1324 2489; x_wconf 90' lang='lat' dir='ltr'>rursus</span> <span class='ocrx_word' id='word_1_155' title='bbox 1344 2427 1410 2490; x_wconf 91' lang='lat' dir='ltr'>dies</span> 
     </span>
     <span class='ocr_line' id='line_1_21' title="bbox 261 2530 1454 2616; baseline -0.003 -21"><span class='ocrx_word' id='word_1_156' title='bbox 261 2533 399 2614; x_wconf 89' lang='lat' dir='ltr'>repetita</span> <span class='ocrx_word' id='word_1_157' title='bbox 427 2530 581 2614; x_wconf 82' lang='lat' dir='ltr'>Bithynia</span> <span class='ocrx_word' id='word_1_158' title='bbox 608 2554 665 2613; x_wconf 92' lang='lat' dir='ltr'>per</span> <span class='ocrx_word' id='word_1_159' title='bbox 692 2552 820 2594; x_wconf 89' lang='lat' dir='ltr'>causam</span> <span class='ocrx_word' id='word_1_160' title='bbox 848 2532 1022 2616; x_wconf 86' lang='lat' dir='ltr'>exigendae</span> <span class='ocrx_word' id='word_1_161' title='bbox 1050 2532 1216 2614; x_wconf 88' lang='lat' dir='ltr'>pecuniae,</span> <span class='ocrx_word' id='word_1_162' title='bbox 1250 2554 1330 2615; x_wconf 89' lang='lat' dir='ltr'>quae</span> <span class='ocrx_word' id='word_1_163' title='bbox 1359 2533 1410 2596; x_wconf 90' lang='lat' dir='ltr'>de·</span> <span class='ocrx_word' id='word_1_164' title='bbox 1426 2555 1454 2593; x_wconf 80' lang='lat' dir='ltr'>ao</span> 
     </span>
     <span class='ocr_line' id='line_1_22' title="bbox 263 2637 1411 2721; baseline 0.001 -20"><span class='ocrx_word' id='word_1_165' title='bbox 263 2639 391 2701; x_wconf 88' lang='lat' dir='ltr'>beretur</span> <span class='ocrx_word' id='word_1_166' title='bbox 410 2637 536 2701; x_wconf 89' lang='lat' dir='ltr'>cuidam</span> <span class='ocrx_word' id='word_1_167' title='bbox 555 2637 705 2702; x_wconf 89' lang='lat' dir='ltr'>libertino</span> <span class='ocrx_word' id='word_1_168' title='bbox 725 2638 834 2700; x_wconf 91' lang='lat' dir='ltr'>clienti</span> <span class='ocrx_word' id='word_1_169' title='bbox 855 2659 921 2701; x_wconf 92' lang='lat' dir='ltr'>suo.</span> <span class='ocrx_word' id='word_1_170' title='bbox 952 2639 1075 2721; x_wconf 89' lang='lat' dir='ltr'>reliqua</span> <span class='ocrx_word' id='word_1_171' title='bbox 1095 2638 1210 2702; x_wconf 89' lang='lat' dir='ltr'>militia</span> <span class='ocrx_word' id='word_1_172' title='bbox 1225 2639 1411 2702; x_wconf 87' lang='lat' dir='ltr'>secundiore</span> 
     </span>
     <span class='ocr_line' id='line_1_23' title="bbox 262 2743 1411 2830; baseline 0.002 -24"><span class='ocrx_word' id='word_1_173' title='bbox 262 2745 348 2808; x_wconf 88' lang='lat' dir='ltr'>fama</span> <span class='ocrx_word' id='word_1_174' title='bbox 375 2743 437 2807; x_wconf 86' lang='lat' dir='ltr'>fuit</span> <span class='ocrx_word' id='word_1_175' title='bbox 460 2748 492 2807; x_wconf 90' lang='lat' dir='ltr'>et</span> <span class='ocrx_word' id='word_1_176' title='bbox 516 2767 534 2807; x_wconf 91' lang='lat' dir='ltr'>a</span> <span class='ocrx_word' id='word_1_177' title='bbox 557 2743 696 2808; x_wconf 81' lang='lat' dir='ltr'>Thermo</span> <span class='ocrx_word' id='word_1_178' title='bbox 720 2745 754 2807; x_wconf 90' lang='lat' dir='ltr'>in</span> <span class='ocrx_word' id='word_1_179' title='bbox 778 2746 1015 2830; x_wconf 82' lang='lat' dir='ltr'>expugnatione</span> <span class='ocrx_word' id='word_1_180' title='bbox 1039 2744 1269 2827; x_wconf 90' lang='lat' dir='ltr'>Mytilenarum</span> <span class='ocrx_word' id='word_1_181' title='bbox 1293 2767 1411 2810; x_wconf 87' lang='lat' dir='ltr'>corona</span> 
     </span>
    </p>

    <p class='ocr_par' dir='ltr' id='par_1_5' title="bbox 225 2845 1452 3147">
     <span class='ocr_line' id='line_1_24' title="bbox 225 2845 1410 2933; baseline 0.005 -23"><span class='ocrx_word' id='word_1_182' title='bbox 225 2845 365 2915; x_wconf 74' lang='lat' dir='ltr'>Bciuica</span> <span class='ocrx_word' id='word_1_183' title='bbox 389 2851 525 2916; x_wconf 87' lang='lat' dir='ltr'>donatus</span> <span class='ocrx_word' id='word_1_184' title='bbox 548 2856 604 2913; x_wconf 87' lang='lat' dir='ltr'>est.</span> <span class='ocrx_word' id='word_1_185' title='bbox 642 2851 759 2914; x_wconf 90' lang='lat' dir='ltr'>meruit</span> <span class='ocrx_word' id='word_1_186' title='bbox 782 2854 815 2914; x_wconf 91' lang='lat' dir='ltr'>et</span> <span class='ocrx_word' id='word_1_187' title='bbox 834 2851 892 2914; x_wconf 89' lang='lat' dir='ltr'>sub</span> <span class='ocrx_word' id='word_1_188' title='bbox 913 2850 1050 2916; x_wconf 89' lang='lat' dir='ltr'>Seruilio</span> <span class='ocrx_word' id='word_1_189' title='bbox 1069 2849 1211 2916; x_wconf 89' lang='lat' dir='ltr'>Isaurico</span> <span class='ocrx_word' id='word_1_190' title='bbox 1235 2853 1270 2914; x_wconf 90' lang='lat' dir='ltr'>in</span> <span class='ocrx_word' id='word_1_191' title='bbox 1289 2851 1410 2933; x_wconf 81' lang='lat' dir='ltr'>Cilicia,</span> 
     </span>
     <span class='ocr_line' id='line_1_25' title="bbox 263 2955 1410 3042; baseline -0.001 -21"><span class='ocrx_word' id='word_1_192' title='bbox 263 2958 317 3021; x_wconf 91' lang='lat' dir='ltr'>sed</span> <span class='ocrx_word' id='word_1_193' title='bbox 345 2957 437 3021; x_wconf 89' lang='lat' dir='ltr'>breui</span> <span class='ocrx_word' id='word_1_194' title='bbox 462 2962 614 3039; x_wconf 90' lang='lat' dir='ltr'>ternpore.</span> <span class='ocrx_word' id='word_1_195' title='bbox 656 2980 731 3020; x_wconf 89' lang='lat' dir='ltr'>nam</span> <span class='ocrx_word' id='word_1_196' title='bbox 755 2955 863 3020; x_wconf 81' lang='lat' dir='ltr'>Sullae</span> <span class='ocrx_word' id='word_1_197' title='bbox 891 2962 994 3020; x_wconf 89' lang='lat' dir='ltr'>morte</span> <span class='ocrx_word' id='word_1_198' title='bbox 1023 2962 1199 3042; x_wconf 90' lang='lat' dir='ltr'>comperta,</span> <span class='ocrx_word' id='word_1_199' title='bbox 1230 2959 1327 3022; x_wconf 89' lang='lat' dir='ltr'>simul</span> <span class='ocrx_word' id='word_1_200' title='bbox 1355 2981 1410 3042; x_wconf 89' lang='lat' dir='ltr'>spe</span> 
     </span>
     <span class='ocr_line' id='line_1_26' title="bbox 262 3063 1452 3147; baseline -0.003 -20"><span class='ocrx_word' id='word_1_201' title='bbox 262 3086 365 3128; x_wconf 89' lang='lat' dir='ltr'>nouae</span> <span class='ocrx_word' id='word_1_202' title='bbox 398 3064 619 3145; x_wconf 87' lang='lat' dir='ltr'>dissensionis,</span> <span class='ocrx_word' id='word_1_203' title='bbox 652 3085 732 3146; x_wconf 89' lang='lat' dir='ltr'>quae</span> <span class='ocrx_word' id='word_1_204' title='bbox 764 3086 823 3146; x_wconf 89' lang='lat' dir='ltr'>per</span> <span class='ocrx_word' id='word_1_205' title='bbox 849 3063 992 3128; x_wconf 88' lang='lat' dir='ltr'>Marcum</span> <span class='ocrx_word' id='word_1_206' title='bbox 1021 3064 1178 3147; x_wconf 88' lang='lat' dir='ltr'>Lepidum</span> <span class='ocrx_word' id='word_1_207' title='bbox 1210 3065 1410 3146; x_wconf 90' lang='lat' dir='ltr'>mouebatur,</span> <span class='ocrx_word' id='word_1_208' title='bbox 1423 3085 1452 3124; x_wconf 78' lang='lat' dir='ltr'>ss</span> 
     </span>
    </p>

    <p class='ocr_par' dir='ltr' id='par_1_6' title="bbox 239 3169 1410 3470">
     <span class='ocr_line' id='line_1_27' title="bbox 239 3169 1410 3254; baseline 0 -20"><span class='ocrx_word' id='word_1_209' title='bbox 239 3171 400 3235; x_wconf 69' lang='lat' dir='ltr'>vRomam</span> <span class='ocrx_word' id='word_1_210' title='bbox 433 3191 568 3253; x_wconf 91' lang='lat' dir='ltr'>propere</span> <span class='ocrx_word' id='word_1_211' title='bbox 599 3169 682 3233; x_wconf 90' lang='lat' dir='ltr'>redit</span> <span class='ocrx_word' id='word_1_212' title='bbox 736 3174 768 3233; x_wconf 91' lang='lat' dir='ltr'>et</span> <span class='ocrx_word' id='word_1_213' title='bbox 796 3170 909 3253; x_wconf 89' lang='lat' dir='ltr'>Lepidi</span> <span class='ocrx_word' id='word_1_214' title='bbox 942 3169 1070 3253; x_wconf 90' lang='lat' dir='ltr'>quidem</span> <span class='ocrx_word' id='word_1_215' title='bbox 1104 3172 1269 3254; x_wconf 89' lang='lat' dir='ltr'>societate,</span> <span class='ocrx_word' id='word_1_216' title='bbox 1302 3193 1410 3254; x_wconf 88' lang='lat' dir='ltr'>quarn-</span> 
     </span>
     <span class='ocr_line' id='line_1_28' title="bbox 264 3277 1409 3363; baseline 0.001 -22"><span class='ocrx_word' id='word_1_217' title='bbox 264 3301 359 3362; x_wconf 91' lang='lat' dir='ltr'>quam</span> <span class='ocrx_word' id='word_1_218' title='bbox 392 3278 517 3363; x_wconf 90' lang='lat' dir='ltr'>magnis</span> <span class='ocrx_word' id='word_1_219' title='bbox 551 3277 793 3340; x_wconf 89' lang='lat' dir='ltr'>condicionibus</span> <span class='ocrx_word' id='word_1_220' title='bbox 824 3278 1028 3359; x_wconf 83' lang='lat' dir='ltr'>inniteretur,</span> <span class='ocrx_word' id='word_1_221' title='bbox 1061 3277 1231 3359; x_wconf 90' lang='lat' dir='ltr'>abstinuit,</span> <span class='ocrx_word' id='word_1_222' title='bbox 1264 3299 1337 3342; x_wconf 92' lang='lat' dir='ltr'>cum</span> <span class='ocrx_word' id='word_1_223' title='bbox 1365 3279 1409 3342; x_wconf 91' lang='lat' dir='ltr'>in·</span> 
     </span>
     <span class='ocr_line' id='line_1_29' title="bbox 265 3383 1409 3470; baseline 0 -22"><span class='ocrx_word' id='word_1_224' title='bbox 265 3386 358 3470; x_wconf 89' lang='lat' dir='ltr'>genio</span> <span class='ocrx_word' id='word_1_225' title='bbox 388 3384 455 3447; x_wconf 89' lang='lat' dir='ltr'>eius</span> <span class='ocrx_word' id='word_1_226' title='bbox 484 3383 608 3446; x_wconf 85' lang='lat' dir='ltr'>diffisus</span> <span class='ocrx_word' id='word_1_227' title='bbox 637 3387 706 3445; x_wconf 91' lang='lat' dir='ltr'>tum</span> <span class='ocrx_word' id='word_1_228' title='bbox 735 3385 914 3464; x_wconf 88' lang='lat' dir='ltr'>occasione,</span> <span class='ocrx_word' id='word_1_229' title='bbox 948 3406 1045 3465; x_wconf 91' lang='lat' dir='ltr'>quam</span> <span class='ocrx_word' id='word_1_230' title='bbox 1073 3384 1228 3447; x_wconf 90' lang='lat' dir='ltr'>minorem</span> <span class='ocrx_word' id='word_1_231' title='bbox 1259 3385 1409 3467; x_wconf 89' lang='lat' dir='ltr'>opinione</span> 
     </span>
    </p>

    <p class='ocr_par' dir='ltr' id='par_1_7' title="bbox 224 3483 1409 3571">
     <span class='ocr_line' id='line_1_30' title="bbox 224 3483 1409 3571; baseline 0.005 -23"><span class='ocrx_word' id='word_1_232' title='bbox 224 3483 445 3554; x_wconf 70' lang='lat' dir='ltr'>doffenderat.</span> <span class='ocrx_word' id='word_1_233' title='bbox 489 3494 630 3552; x_wconf 89' lang='lat' dir='ltr'>ceterum</span> <span class='ocrx_word' id='word_1_234' title='bbox 655 3491 832 3571; x_wconf 89' lang='lat' dir='ltr'>composita</span> <span class='ocrx_word' id='word_1_235' title='bbox 856 3489 1011 3553; x_wconf 89' lang='lat' dir='ltr'>seditione</span> <span class='ocrx_word' id='word_1_236' title='bbox 1035 3490 1123 3553; x_wconf 88' lang='lat' dir='ltr'>ciuili</span> <span class='ocrx_word' id='word_1_237' title='bbox 1144 3489 1327 3555; x_wconf 80' lang='lat' dir='ltr'>Cornelium</span> <span class='ocrx_word' id='word_1_238' title='bbox 1346 3490 1409 3554; x_wconf 93' lang='lat' dir='ltr'>Do-</span> 
     </span>
    </p>
   </div>
   <div class='ocr_carea' id='block_1_3' title="bbox 263 3655 1410 4046">
    <p class='ocr_par' dir='ltr' id='par_1_8' title="bbox 263 3655 1410 4046">
     <span class='ocr_line' id='line_1_31' title="bbox 336 3655 1410 3726; baseline 0.002 -18"><span class='ocrx_word' id='word_1_239' title='bbox 336 3661 368 3708; x_wconf 83' lang='lat'>16</span> <span class='ocrx_word' id='word_1_240' title='bbox 392 3658 426 3722; x_wconf 86' lang='lat' dir='ltr'>cf.</span> <span class='ocrx_word' id='word_1_241' title='bbox 448 3657 509 3709; x_wconf 78' lang='lat' dir='ltr'>Viri</span> <span class='ocrx_word' id='word_1_242' title='bbox 531 3657 570 3709; x_wconf 77' lang='lat' dir='ltr'>ill.</span> <span class='ocrx_word' id='word_1_243' title='bbox 592 3660 671 3720; x_wconf 84' lang='grc'><em>78,1</em></span> <span class='ocrx_word' id='word_1_244' title='bbox 701 3655 908 3708; x_wconf 90' lang='lat' dir='ltr'>contubernalis</span> <span class='ocrx_word' id='word_1_245' title='bbox 933 3656 1051 3709; x_wconf 89' lang='lat' dir='ltr'>Thermo</span> <span class='ocrx_word' id='word_1_246' title='bbox 1079 3657 1109 3708; x_wconf 94' lang='lat' dir='ltr'>in</span> <span class='ocrx_word' id='word_1_247' title='bbox 1132 3656 1229 3710; x_wconf 88' lang='lat' dir='ltr'>Asiam</span> <span class='ocrx_word' id='word_1_248' title='bbox 1259 3657 1410 3726; x_wconf 87' lang='lat' dir='ltr'>profectus,</span> 
     </span>
     <span class='ocr_line' id='line_1_32' title="bbox 264 3734 1410 3805; baseline -0.001 -16"><span class='ocrx_word' id='word_1_249' title='bbox 264 3755 327 3789; x_wconf 89' lang='lat' dir='ltr'>cum</span> <span class='ocrx_word' id='word_1_250' title='bbox 351 3752 435 3805; x_wconf 87' lang='lat' dir='ltr'>saepe</span> <span class='ocrx_word' id='word_1_251' title='bbox 459 3736 494 3787; x_wconf 89' lang='lat' dir='ltr'>ad</span> <span class='ocrx_word' id='word_1_252' title='bbox 519 3734 692 3788; x_wconf 88' lang='lat' dir='ltr'>Nicomeden</span> <span class='ocrx_word' id='word_1_253' title='bbox 715 3752 811 3804; x_wconf 88' lang='lat' dir='ltr'>regem</span> <span class='ocrx_word' id='word_1_254' title='bbox 832 3735 982 3804; x_wconf 90' lang='lat' dir='ltr'>Bithyniae</span> <span class='ocrx_word' id='word_1_255' title='bbox 1006 3739 1187 3802; x_wconf 87' lang='lat' dir='ltr'>commearet,</span> <span class='ocrx_word' id='word_1_256' title='bbox 1215 3735 1410 3804; x_wconf 89' lang='lat' dir='ltr'>impudicitiae</span> 
     </span>
     <span class='ocr_line' id='line_1_33' title="bbox 263 3815 1410 3885; baseline 0 -16"><span class='ocrx_word' id='word_1_257' title='bbox 263 3816 416 3869; x_wconf 85' lang='lat' dir='ltr'>infamatus</span> <span class='ocrx_word' id='word_1_258' title='bbox 432 3818 481 3869; x_wconf 89' lang='lat' dir='ltr'>est.</span> <span class='ocrx_word' id='word_1_259' title='bbox 547 3821 646 3883; x_wconf 78' lang='lat' dir='ltr'>29sqq.</span> <span class='ocrx_word' id='word_1_260' title='bbox 661 3817 727 3869; x_wconf 79' lang='lat' dir='ltr'>ibid.</span> <span class='ocrx_word' id='word_1_261' title='bbox 744 3821 789 3881; x_wconf 73' lang='lat'>78,</span> <span class='ocrx_word' id='word_1_262' title='bbox 799 3820 860 3883; x_wconf 82' lang='lat' dir='ltr'>2sq.</span> <span class='ocrx_word' id='word_1_263' title='bbox 876 3834 939 3869; x_wconf 82' lang='lat' dir='ltr'>mox</span> <span class='ocrx_word' id='word_1_264' title='bbox 956 3815 1128 3870; x_wconf 88' lang='lat' dir='ltr'>Dolabellam</span> <span class='ocrx_word' id='word_1_265' title='bbox 1143 3816 1247 3869; x_wconf 89' lang='lat' dir='ltr'>iudicio</span> <span class='ocrx_word' id='word_1_266' title='bbox 1262 3817 1410 3885; x_wconf 87' lang='lat' dir='ltr'>oppressit.</span> 
     </span>
     <span class='ocr_line' id='line_1_34' title="bbox 264 3895 1410 3966; baseline 0.001 -18"><span class='ocrx_word' id='word_1_267' title='bbox 264 3897 331 3948; x_wconf 89' lang='lat' dir='ltr'>dum</span> <span class='ocrx_word' id='word_1_268' title='bbox 351 3895 505 3949; x_wconf 87' lang='lat' dir='ltr'>studiorum</span> <span class='ocrx_word' id='word_1_269' title='bbox 526 3912 610 3948; x_wconf 85' lang='lat' dir='ltr'>causa</span> <span class='ocrx_word' id='word_1_270' title='bbox 624 3896 755 3949; x_wconf 85' lang='lat' dir='ltr'>Rhodum</span> <span class='ocrx_word' id='word_1_271' title='bbox 769 3897 849 3964; x_wconf 87' lang='lat' dir='ltr'>petit,</span> <span class='ocrx_word' id='word_1_272' title='bbox 870 3912 886 3948; x_wconf 88' lang='lat' dir='ltr'>a</span> <span class='ocrx_word' id='word_1_273' title='bbox 901 3895 1000 3964; x_wconf 89' lang='lat' dir='ltr'>piratis</span> <span class='ocrx_word' id='word_1_274' title='bbox 1018 3899 1116 3964; x_wconf 88' lang='lat' dir='ltr'>captus</span> <span class='ocrx_word' id='word_1_275' title='bbox 1131 3896 1229 3966; x_wconf 77' lang='lat' dir='ltr'>e&lt;s&gt;t3</span> <span class='ocrx_word' id='word_1_276' title='bbox 1249 3896 1410 3965; x_wconf 89' lang='lat' dir='ltr'>redemptus</span> 
     </span>
     <span class='ocr_line' id='line_1_35' title="bbox 264 3976 820 4046; baseline -0.002 -17"><span class='ocrx_word' id='word_1_277' title='bbox 264 3976 377 4029; x_wconf 87' lang='lat' dir='ltr'>eosdem</span> <span class='ocrx_word' id='word_1_278' title='bbox 396 3977 447 4046; x_wconf 87' lang='lat' dir='ltr'>[et]</span> <span class='ocrx_word' id='word_1_279' title='bbox 466 3978 564 4044; x_wconf 87' lang='lat' dir='ltr'>postea</span> <span class='ocrx_word' id='word_1_280' title='bbox 584 3979 681 4044; x_wconf 88' lang='lat' dir='ltr'>captos</span> <span class='ocrx_word' id='word_1_281' title='bbox 700 3976 820 4043; x_wconf 88' lang='lat' dir='ltr'>puniuit.</span> 
     </span>
    </p>
   </div>
   <div class='ocr_carea' id='block_1_4' title="bbox 264 4143 1411 4532">
    <p class='ocr_par' dir='ltr' id='par_1_9' title="bbox 264 4143 1411 4532">
     <span class='ocr_line' id='line_1_36' title="bbox 337 4143 1411 4212; baseline 0.002 -15"><span class='ocrx_word' id='word_1_282' title='bbox 337 4151 352 4197; x_wconf 85' lang='grc'>3</span> <span class='ocrx_word' id='word_1_283' title='bbox 372 4145 477 4198; x_wconf 88' lang='lat' dir='ltr'>discere</span> <span class='ocrx_word' id='word_1_284' title='bbox 498 4146 531 4198; x_wconf 88' lang='lat' dir='ltr'><em>M</em></span> <span class='ocrx_word' id='word_1_285' title='bbox 537 4145 554 4210; x_wconf 86' lang='lat'>¹,</span> <span class='ocrx_word' id='word_1_286' title='bbox 573 4144 729 4198; x_wconf 87' lang='lat' dir='ltr'>discederet</span> <span class='ocrx_word' id='word_1_287' title='bbox 745 4145 887 4199; x_wconf 82' lang='lat' dir='ltr'>GPOST</span> <span class='ocrx_word' id='word_1_288' title='bbox 957 4149 986 4198; x_wconf 91' lang='lat' dir='ltr'>et</span> <span class='ocrx_word' id='word_1_289' title='bbox 1005 4162 1054 4199; x_wconf 74' lang='lat' dir='ltr'>oria</span> <span class='ocrx_word' id='word_1_290' title='bbox 1072 4145 1098 4199; x_wconf 76' lang='lat' dir='ltr'><em>G</em></span> <span class='ocrx_word' id='word_1_291' title='bbox 1170 4150 1185 4198; x_wconf 89' lang='grc'>8</span> <span class='ocrx_word' id='word_1_292' title='bbox 1204 4143 1364 4212; x_wconf 85' lang='lat' dir='ltr'>impetrarit</span> <span class='ocrx_word' id='word_1_293' title='bbox 1381 4146 1411 4211; x_wconf 81' lang='lat' dir='ltr'>V,</span> 
     </span>
     <span class='ocr_line' id='line_1_37' title="bbox 264 4224 1410 4294; baseline 0 -16"><span class='ocrx_word' id='word_1_294' title='bbox 264 4226 486 4294; x_wconf 64' lang='lat' dir='ltr'>perpetrabitis</span> <span class='ocrx_word' id='word_1_295' title='bbox 507 4224 589 4293; x_wconf 80' lang='lat' dir='ltr'>(tim</span> <span class='ocrx_word' id='word_1_296' title='bbox 609 4242 642 4278; x_wconf 85' lang='lat' dir='ltr'>ss.</span> <span class='ocrx_word' id='word_1_297' title='bbox 663 4225 712 4292; x_wconf 69' lang='lat' dir='ltr'>La)</span> <span class='ocrx_word' id='word_1_298' title='bbox 791 4231 823 4277; x_wconf 94' lang='lat'>11</span> <span class='ocrx_word' id='word_1_299' title='bbox 842 4225 962 4277; x_wconf 90' lang='lat' dir='ltr'>uicerint</span> <span class='ocrx_word' id='word_1_300' title='bbox 982 4225 1018 4278; x_wconf 86' lang='lat' dir='ltr'><em>M</em></span> <span class='ocrx_word' id='word_1_301' title='bbox 1024 4225 1033 4254; x_wconf 84' lang='lat'>²</span> <span class='ocrx_word' id='word_1_302' title='bbox 1108 4231 1139 4277; x_wconf 78' lang='grc'>17</span> <span class='ocrx_word' id='word_1_303' title='bbox 1160 4225 1357 4278; x_wconf 87' lang='lat' dir='ltr'>accersendam</span> <span class='ocrx_word' id='word_1_304' title='bbox 1376 4229 1410 4290; x_wconf 79' lang='grc' dir='ltr'>Ω,</span> 
     </span>
     <span class='ocr_line' id='line_1_38' title="bbox 264 4303 1411 4375; baseline 0.002 -19"><span class='ocrx_word' id='word_1_305' title='bbox 264 4304 424 4358; x_wconf 67' lang='lat' dir='ltr'>arcese-W</span> <span class='ocrx_word' id='word_1_306' title='bbox 484 4303 757 4375; x_wconf 71' lang='lat' dir='ltr'>18pr0stateM¹V¹</span> <span class='ocrx_word' id='word_1_307' title='bbox 818 4309 850 4357; x_wconf 78' lang='lat'>23</span> <span class='ocrx_word' id='word_1_308' title='bbox 862 4309 911 4358; x_wconf 91' lang='lat' dir='ltr'>est.</span> <span class='ocrx_word' id='word_1_309' title='bbox 927 4305 1040 4375; x_wconf 86' lang='lat' dir='ltr'>meruit]</span> <span class='ocrx_word' id='word_1_310' title='bbox 1052 4304 1249 4358; x_wconf 76' lang='lat' dir='ltr'>emeruitM²d</span> <span class='ocrx_word' id='word_1_311' title='bbox 1303 4304 1411 4372; x_wconf 84' lang='lat' dir='ltr'>lyciaG</span> 
     </span>
     <span class='ocr_line' id='line_1_39' title="bbox 264 4383 1411 4454; baseline 0 -16"><span class='ocrx_word' id='word_1_312' title='bbox 264 4391 299 4438; x_wconf 76' lang='lat'>26</span> <span class='ocrx_word' id='word_1_313' title='bbox 314 4383 399 4437; x_wconf 88' lang='lat' dir='ltr'>rediit</span> <span class='ocrx_word' id='word_1_314' title='bbox 417 4385 437 4436; x_wconf 71' lang='lat'><em>1</em></span> <span class='ocrx_word' id='word_1_315' title='bbox 444 4401 459 4441; x_wconf 89' lang='grc' dir='ltr'><strong>ς</strong></span> <span class='ocrx_word' id='word_1_316' title='bbox 476 4386 571 4454; x_wconf 63' lang='grc' dir='ltr'>(μαίᾳ.)</span> <span class='ocrx_word' id='word_1_317' title='bbox 627 4391 658 4437; x_wconf 77' lang='lat'>27</span> <span class='ocrx_word' id='word_1_318' title='bbox 675 4388 735 4437; x_wconf 90' lang='lat' dir='ltr'>tum</span> <span class='ocrx_word' id='word_1_319' title='bbox 753 4383 786 4436; x_wconf 76' lang='lat' dir='ltr'>T&#39;</span> <span class='ocrx_word' id='word_1_320' title='bbox 804 4385 1092 4452; x_wconf 74' lang='lat' dir='ltr'>(iaRcorr.ecccum</span> <span class='ocrx_word' id='word_1_321' title='bbox 1107 4386 1222 4454; x_wconf 79' lang='lat' dir='ltr'>atrrid.)</span> <span class='ocrx_word' id='word_1_322' title='bbox 1282 4389 1411 4440; x_wconf 81' lang='lat' dir='ltr'>280cca-</span> 
     </span>
     <span class='ocr_line' id='line_1_40' title="bbox 265 4465 641 4532; baseline -0.003 -14"><span class='ocrx_word' id='word_1_323' title='bbox 265 4465 338 4519; x_wconf 92' lang='lat' dir='ltr'>sioni</span> <span class='ocrx_word' id='word_1_324' title='bbox 358 4465 474 4518; x_wconf 68' lang='lat' dir='ltr'>Cascelli.</span> <span class='ocrx_word' id='word_1_325' title='bbox 491 4471 553 4532; x_wconf 80' lang='lat' dir='ltr'>post</span> <span class='ocrx_word' id='word_1_326' title='bbox 572 4467 641 4519; x_wconf 79' lang='lat' dir='ltr'>ab&#39;cs</span> 
     </span>
    </p>
   </div>
   <div class='ocr_carea' id='block_1_5' title="bbox 0 0 1554 5110">
    <p class='ocr_par' dir='ltr' id='par_1_10' title="bbox 0 0 1554 5110">
     <span class='ocr_line' id='line_1_41' title="bbox 0 0 1554 5110; baseline 0 0"><span class='ocrx_word' id='word_1_327' title='bbox 0 0 1554 5110; x_wconf 95' lang='lat' dir='ltr'> </span> 
     </span>
    </p>
   </div>
  </div>
 </body>
</html>
