3142 5112
271 356 313 420 20
617 357 644 410 C.
666 355 823 410 SVETONI
842 355 1066 421 TRANQVILLI

268 558 364 601 curru
392 557 544 601 excussus
573 541 622 602 est
653 560 711 601 axe
740 537 886 601 diffracto
919 537 1125 620 ascenditque
1155 536 1351 621 Capitolium
1381 539 1424 602 ad

267 644 390 707 lumina
406 644 618 729 quadraginta
637 644 815 729 elephantis
835 645 946 708 dextra
965 645 1158 727 sinistraque
1176 644 1423 728 lychnuo<h>os

269 751 477 834 gestantibus.
530 751 664 815 Pontico
693 751 860 834 triumpho
893 751 977 814 inter
1007 773 1144 834 pompae
1172 751 1293 815 fereula
1320 751 1423 815 trium

268 856 442 920 uerborum
477 857 631 940 praetulit
664 857 796 920 titulum
831 874 1110 920 VENI·V1D1·VICI
1141 879 1207 921 non
1240 862 1310 921 aeta
1342 857 1424 922 belli

268 963 502 1049 significantem
542 965 626 1028 sicut
667 965 798 1047 ceteris,
841 964 895 1027 sed
932 964 1079 1028 celeriter
1122 965 1260 1027 confecti
1300 968 1422 1029 notam.
1455 983 1468 1023 a

215 1065 260 1132 38
270 1071 430 1134 ueteranis
453 1069 635 1154 legionibus
659 1069 795 1153 praedae
814 1072 944 1134 nomine
964 1072 998 1134 in
1016 1071 1140 1153 pedites
1161 1071 1304 1156 singulos
1324 1093 1423 1154 super

267 1176 343 1240 bina
372 1177 529 1259 sestertia,
559 1199 639 1260 quae
667 1177 761 1240 initio
790 1177 896 1240 ciuilis
924 1179 1083 1240 tumultus
1111 1180 1346 1261 numerauerat,
1373 1179 1422 1241 ui-

268 1305 345 1347 cena
369 1285 524 1366 quaterna
547 1283 638 1346 milia
661 1306 828 1346 nummum
853 1283 949 1347 dedit.
987 1283 1172 1368 adsignauit
1191 1288 1223 1347 et
1241 1305 1345 1368 agros,
1365 1285 1423 1348 sed

267 1412 332 1453 non
366 1389 552 1474 continuos,
589 1412 629 1454 ne
662 1391 734 1473 quis
772 1411 994 1473 possessorum
1028 1390 1246 1473 expelleretur.
1297 1391 1421 1473 populo

268 1501 394 1579 praeter
423 1496 577 1560 frumenti
608 1497 706 1560 denos
742 1497 868 1560 modios
899 1519 936 1560 ac
970 1497 1105 1560 totidem
1136 1497 1200 1560 olei
1229 1497 1326 1561 libras
1357 1501 1421 1560 tre·
1437 1517 1467 1556 ro

268 1623 363 1666 cenos
387 1624 516 1685 quoque
538 1624 703 1685 nummos,
727 1625 807 1686 quos
830 1602 995 1687 pollicitus
1020 1603 1098 1667 olim
1123 1608 1204 1686 erat,
1228 1603 1351 1667 uiritim
1376 1603 1422 1666 di-

236 1711 350 1773 auisit
373 1713 405 1773 et
428 1709 489 1772 hoc
513 1709 651 1792 amplius
676 1713 826 1772 centenos
855 1732 913 1792 pro
938 1731 1036 1774 mora.
1083 1731 1219 1773 annuam
1245 1710 1342 1773 etiam
1366 1709 1421 1773 ha·

269 1816 461 1880 bitationem
476 1815 598 1880 Romae
617 1838 718 1899 usque
738 1816 777 1878 ad
796 1816 872 1878 bina
891 1816 980 1879 milia
999 1837 1176 1898 nummum,
1195 1815 1229 1879 in
1242 1815 1336 1879 Italia
1354 1837 1421 1880 non

271 1923 356 1987 ultra
384 1924 563 2008 quingenos
593 1923 758 1986 sestertios
786 1922 918 1986 remisit.
961 1923 1077 1986 adiecit
1101 1925 1232 2006 epulum
1261 1943 1297 1986 ac
1319 1921 1421 1986 uisce-

271 2031 429 2094 rationem
457 2033 489 2093 et
516 2034 590 2113 post
613 2029 860 2112 Hispaniensem
884 2029 1054 2093 uictoriam
1083 2030 1146 2093 duo
1170 2029 1317 2113 prandia3
1344 2051 1419 2092 nam
1437 2050 1465 2090 ra

272 2159 345 2202 cum
374 2138 464 2220 prius
494 2159 589 2220 parce
619 2158 722 2219 neque
753 2158 811 2220 pro
847 2136 1040 2200 liberalitate
1071 2159 1128 2200 sua
1162 2135 1342 2218 praebitum
1374 2135 1420 2199 iu-

215 2235 261 2301 39
272 2243 404 2324 dicaret,
436 2244 549 2325 quinto
580 2246 654 2327 post
686 2244 736 2306 die
765 2243 852 2306 aliud
875 2241 1093 2327 largissimum
1116 2241 1273 2326 praebuit.
1319 2240 1421 2305 edidit

268 2351 450 2433 spectacula
481 2349 563 2413 uarii
594 2351 731 2434 generis:
765 2372 882 2413 munus
915 2349 1159 2434 gladiatorium,
1195 2347 1288 2411 ludos
1322 2348 1420 2411 etiam

268 2455 461 2540 regionatim
481 2455 559 2518 urbe
579 2459 648 2519 tota
666 2459 697 2518 et
718 2455 847 2539 quidem
866 2478 924 2539 per
943 2455 1087 2518 omnium
1108 2455 1292 2540 linguarum
1311 2453 1419 2517 histri-

269 2585 358 2644 ones,
389 2563 466 2626 item
496 2561 651 2626 circenses
680 2562 817 2627 athletas
845 2561 1077 2626 naumachiam.
1125 2583 1256 2625 munere
1285 2561 1320 2625 in
1347 2561 1419 2625 foro
1435 2583 1465 2622 aa

269 2669 468 2754 depugnauit
494 2668 610 2732 Furius
638 2668 796 2754 Leptinus
827 2669 926 2752 stirpe
954 2669 1116 2752 praetoria
1145 2672 1176 2731 et
1204 2667 1240 2744 Q.
1260 2666 1420 2750 Calpenus

269 2780 396 2840 senator
419 2777 580 2858 quondam
609 2779 760 2860 actorque
790 2797 966 2840 causarum.
1012 2775 1196 2860 pyrricham
1221 2774 1420 2839 saltauerunt

235 2892 250 2939 2
270 2881 366 2946 Asiae
384 2881 620 2966 Bithyniaeque
639 2884 822 2966 principum
846 2882 948 2946 liberi.
990 2883 1074 2946 ludis
1093 2882 1245 2945 Decimus
1264 2881 1419 2944 Laberius

269 3010 365 3072 eques
388 2988 552 3053 Romanus
576 2989 710 3053 mimum
736 3013 827 3053 suum
853 2989 920 3073 egit
944 2989 1144 3071 donatusque
1164 2987 1348 3073 quingentis
1373 3009 1420 3050 se

269 3096 388 3160 stertiis
417 3099 449 3158 et
477 3095 573 3158 anulo
602 3119 697 3159 aureo
728 3117 849 3160 sessum
879 3096 912 3158 in
941 3095 1198 3178 quattuordecim
1221 3095 1282 3177 <e>
1305 3112 1463 3158 scaenam

267 3224 325 3286 per
352 3203 548 3266 orchestram
577 3202 713 3266 transiit.
760 3201 956 3266 circensibus
985 3202 1089 3285 spatio
1119 3200 1195 3265 circi
1218 3199 1257 3262 ab
1282 3203 1419 3283 utraque

268 3314 358 3392 parte
382 3309 540 3392 producto
565 3313 597 3372 et
620 3308 654 3372 in
675 3331 791 3392 gyrum
811 3309 921 3392 euripo
943 3309 1051 3372 addito
1072 3306 1243 3391 quadrigas
1262 3306 1418 3390 bigasque

268 3421 300 3480 et
323 3438 421 3500 equos
446 3414 637 3478 desultorios
663 3417 867 3500 agitauerunt
889 3415 1084 3480 nobilissimi
1107 3415 1248 3478 iuuenes.
1286 3412 1417 3476 Troiam

234 3523 347 3585 3lusit
374 3525 480 3585 turma
508 3521 627 3604 duplex
656 3523 814 3586 maiorum
846 3523 1072 3603 minorumque
1100 3541 1282 3605 puerorum.
1323 3539 1418 3582 uena-

268 3628 372 3692 tiones
400 3609 502 3692 editae
529 3650 587 3711 per
610 3629 677 3692 dies
702 3629 843 3711 quinque
867 3649 903 3691 ac
927 3629 1103 3692 nouissime
1126 3649 1236 3712 pugna
1259 3625 1361 3689 diuisa
1384 3626 1419 3688 in
1434 3645 1464 3686 ao

340 3834 355 3881 2
374 3828 474 3881 limina
493 3829 542 3882 M*
618 3848 652 3881 xn
674 3829 734 3883 GX
807 3830 905 3882 dextra
925 3829 1095 3896 sinistraque
1117 3828 1178 3893 Ga,
1204 3828 1358 3895 dextraque
1381 3826 1418 3880 si-

268 3909 357 3962 nistra
377 3911 415 3976 (et
434 3925 454 3962 s.
478 3910 513 3977 T)
534 3910 570 3961 M
574 3908 622 3976 X‘,
646 3910 802 3976 dextraque
821 3908 991 3978 sinistraque
1012 3907 1057 3973 0¹,
1080 3908 1179 3962 dextra
1199 3910 1284 3974 atque
1303 3905 1417 3961 sinistra

272 3991 317 4043 Τδ
335 3989 415 4057 (edd.)
492 3988 645 4056 lychnosq
727 3988 881 4044 :tiericula
898 3992 923 4042 Τ
998 3988 1150 4047 &ceteris
1230 3987 1293 4040 lin
1308 3985 1417 4055 equites

269 4075 332 4122 onte
354 4067 455 4122 uicena
477 4070 542 4123 add.
566 4068 645 4123 r‘P’
668 4069 875 4137 lindemacus,
898 4069 927 4122 in
951 4068 1060 4136 equites
1084 4067 1266 4136 quadragena
1287 4066 1417 4136 Ouacub.)

268 4153 284 4200 8
299 4150 437 4215 quaterna
447 4151 559 4216 (quater
570 4149 614 4215 0¹,
629 4165 679 4204 om.
689 4147 735 4218 ςὲ)
750 4150 800 4203 del.
815 4149 1009 4204 LEGrcuoc.
1084 4152 1117 4200 14
1129 4148 1173 4219 ac]
1185 4147 1222 4200 ad
1233 4149 1258 4200 Τ
1329 4151 1361 4200 18
1372 4161 1416 4200 ex-

269 4227 429 4297 spectacula
441 4232 477 4283 M
490 4230 564 4298 (r'adc
579 4231 607 4283 et
626 4247 666 4298 sp.
683 4231 706 4282 Ι.
720 4229 849 4298 Gronov.)
918 4234 950 4281 21
968 4227 1102 4291 Φόλουιος
1115 4231 1239 4289 Σεπῖνος
1252 4227 1311 4281 Dio
1325 4229 1369 4293 43,
1379 4229 1418 4282 23

269 4332 302 4379 23
321 4325 492 4394 principium
509 4327 545 4378 M
625 4331 659 4378 24
679 4341 764 4393 eques
782 4326 925 4378 Romanus
945 4305 1017 4394 (nde
1034 4327 1080 4394 M)
1104 4326 1155 4380 del.
1176 4326 1308 4392 Kraffert
1374 4326 1419 4379 est

264 4413 327 4475 post
337 4406 513 4474 donatusque
523 4407 587 4459 cdd.
597 4407 649 4458 ΤΤ
714 4411 746 4458 25
758 4405 817 4478 <c>
831 4408 974 4460 Turnebus
1042 4410 1075 4458 26
1091 4421 1141 4475 per
1152 4404 1323 4459 orchestram
1333 4405 1419 4460 omG

268 4493 301 4538 29
321 4486 517 4555 minorumque
536 4486 562 4539 G
571 4485 698 4552 r‘P¹0·,
717 4486 855 4539 minorum
870 4487 916 4540 rel.
990 4501 1109 4554 puerum
1124 4487 1162 4539 M
