3166 5106
525 349 553 404 C.
575 350 757 406 CALIGVLA
777 364 842 412 [car.
859 365 946 414 aare]
1249 355 1312 420 175

157 514 352 597 imponeret,
379 518 503 598 partem
531 513 649 579 Palatii
677 515 716 578 ad
744 515 851 580 forum
879 538 981 598 usque
1008 515 1185 600 promouit,
1213 523 1310 601 atque

157 620 236 684 aede
261 618 402 684 Castoris
431 624 463 683 et
487 619 629 686 Pollucis
658 622 692 684 in
715 621 912 686 uestibulum
935 624 1178 709 transfigurata,
1209 625 1311 690 consi-

159 729 248 790 stens
273 748 366 809 saepe
389 726 474 790 inter
497 728 613 791 fratres
637 727 721 812 deos,
745 727 886 793 medium
909 729 1107 794 adorandum
1137 752 1170 794 se
1194 731 1310 796 adeun-

156 833 245 898 tibus
265 832 450 918 exhibebat3
470 834 653 918 etquidem
677 856 748 899 eum
769 834 961 900 Latiarem
981 834 1112 901 Iouem
1131 838 1309 902 consaluta-

123 944 241 1006 srunt.
279 939 440 1023 templum
463 941 560 1005 etiam
589 940 715 1005 numini
745 963 803 1006 suo
828 943 993 1026 proprium
1018 946 1051 1006 et
1074 943 1254 1008 sacerdotes
1278 949 1344 1010 eta

157 1046 450 1144 excqgitatissimas
474 1047 598 1112 hostias
621 1048 770 1113 instituit.
813 1049 847 1112 in
870 1052 992 1135 templo
1017 1049 1224 1116 simulacrum
1249 1055 1311 1115 sta-

157 1155 214 1218 bat
238 1175 370 1218 aureum
394 1154 554 1218 iconicum
579 1154 853 1240 amiciebaturque
872 1155 995 1222 'cotidie
1014 1161 1112 1240 ueste,
1136 1156 1223 1240 quali
1243 1157 1310 1242 ipse

156 1264 309 1325 uteretur.
361 1261 547 1346 magisteria
584 1261 756 1326 sacerdotii
794 1261 972 1326 ditissimus
1005 1263 1141 1346 quisque
1178 1267 1210 1328 et
1246 1287 1310 1328 am-

157 1367 282 1432 bitione
312 1371 352 1478 eq
374 1366 553 1432 licitatione
584 1368 669 1459 maxi
705 1391 724 1432 a
751 1369 877 1451 uicibus
907 1369 1158 1472 comparabant„
1185 1369 1309 1435 hostiae

110 1499 141 1538 ro
157 1478 249 1537 erant
270 1435 704 1574 phbeiii'ooptepss‘paussdries,
721 1447 903 1561 tetraqnes,
926 1445 1318 1565 dimittitijlnieleagril
1340 1506 1344 1519 ¹
1373 1455 1394 1522 ἱ·
1419 1495 1425 1526 ἰ

157 1580 220 1663 des,
244 1580 432 1664 phasianae,
461 1602 544 1665 quae
567 1582 746 1665 generatim
769 1603 826 1665 per
850 1582 995 1668 singulos
1019 1583 1084 1648 dies
1108 1582 1310 1647 immolaren-
1412 1597 1418 1622 l

155 1691 217 1752 tur.
260 1691 293 1750 et
314 1686 465 1752 noctibus
489 1686 619 1770 quidem
641 1687 769 1771 plenam
793 1687 1036 1774 fulgentemque
1059 1688 1169 1754 lunam
1193 1689 1309 1755 inuita·
1328 1708 1345 1754 4

155 1793 212 1857 bat
235 1793 361 1858 assidue
383 1793 416 1856 in
436 1795 603 1878 amplexus
623 1798 720 1877 atque
739 1794 955 1876 concubitum,
979 1795 1120 1860 interdiu
1139 1818 1216 1861 uero
1236 1817 1307 1860 oum

157 1898 341 1984 Capitolino
360 1898 438 1964 Ioue
457 1882 578 1965 secreto
597 1901 811 1984 fabulabatur,
831 1901 926 1966 modo
946 1901 1148 1966 insusurrans
1166 1925 1203 1966 ac
1220 1920 1309 1986 prae·

113 2007 236 2072 rebeus
265 2006 300 2070 in
330 2006 434 2072 uicem
467 2029 589 2087 aurem,
621 2007 717 2071 modo
748 2007 867 2073 clarius
895 2031 954 2072 nec
977 2009 1047 2074 sine
1071 2009 1192 2094 iurgiis.
1233 2031 1306 2074 nam

154 2135 219 2178 uox
244 2113 471 2178 comminantis
495 2114 604 2178 audita
627 2119 676 2179 est
694 2115 1049 2200 <H0m.1l.23,724>:

521 2222 541 2304 ἢ
565 2219 597 2302 μ’
622 2219 786 2305 ἀνάειρ’ἢ
811 2220 874 2304 ἐγὼ
900 2221 947 2304 σέ,
1218 2301 1219 2308 ¹

155 2326 257 2391 donec
285 2332 447 2410 exoratus,
474 2332 512 2391 ut
535 2327 708 2411 referebat,
733 2331 766 2391 et
787 2329 822 2392 in
846 2329 1092 2392 contubernium
1116 2328 1202 2393 ultro
1225 2329 1307 2394 inui-

154 2438 241 2498 tatus
267 2455 363 2516 super
385 2435 543 2517 templum
561 2434 640 2502 Diui
659 2432 800 2519 Augusti
819 2440 918 2519 ponte
937 2435 1127 2500 transmisso
1146 2435 1307 2500 Palatium

113 2565 140 2604 ao
156 2538 417 2624 Capitoliumque
447 2541 623 2605 coniunxit.
666 2563 755 2626 mox,
785 2564 851 2625 quo
881 2543 1014 2626 propior
1044 2547 1140 2626 esset,
1169 2542 1203 2605 in
1234 2564 1308 2606 area

155 2645 339 2730 Capitolina
362 2669 465 2712 nouae
488 2648 602 2712 domus
626 2649 834 2713 fundamenta
857 2648 940 2714 iecit.
1211 2621 1275 2760 A,
1283 2683 1359 2738 pqr„

244 2751 409 2839 Agrippae
438 2776 471 2818 se
500 2759 650 2838 nepotem
680 2777 783 2838 neque
811 2755 897 2819 credi
925 2777 1029 2838 neque
1057 2755 1121 2820 dici
1149 2756 1191 2820 ob
1216 2755 1357 2843 igno-23

153 2860 315 2925 bilitatem
339 2860 407 2925 eius
430 2862 561 2926 uolebat
581 2861 861 2961 Q
885 2863 912 2926 si
936 2862 992 2945 qui
1015 2864 1068 2926 uel
1090 2863 1306 2927 orationeuel

154 2967 296 3031 carmine
326 2967 521 3052 imaginibus
558 2991 631 3033 eum
664 2966 833 3034 Caesarum
866 2969 1050 3034 insererent.
1101 2969 1306 3053 praedicabat
1323 2999 1427 3028 ew„

115 3097 140 3136 aa
154 3078 262 3138 autem
293 3077 426 3137 matrem
461 3097 552 3139 suam
583 3098 623 3138 ex
653 3075 790 3157 incesto,
820 3075 906 3158 quod
930 3074 1097 3161 Augustus
1126 3098 1198 3140 cum
1223 3073 1306 3140 Iulia

153 3181 221 3244 filia
249 3181 443 3265 admisisset,
471 3185 685 3266 procreatam,
718 3203 755 3246 ac
782 3203 848 3245 non
878 3187 1047 3246 contentus
1074 3181 1137 3246 hac
1165 3181 1305 3267 Augusti

153 3287 364 3351 insectatione
383 3286 532 3352 Actiacas
555 3287 795 3373 Si[n]culasque
819 3288 982 3372 uictorias,
1005 3294 1041 3352 ut
1060 3290 1202 3352 funestas
1221 3311 1251 3372 p.
1267 3288 1304 3352 R.

154 3399 186 3458 et
217 3394 435 3479 calamitosas,
465 3395 570 3458 uetuit
600 3393 811 3458 sollemnibus
843 3395 933 3459 feriis
964 3394 1125 3458 celebrari.
1178 3395 1339 3458 Liuiama

154 3501 337 3588 Augustam
370 3501 535 3586 proauiam
569 3501 698 3564 Vlixem
733 3503 886 3570 stolatum
924 3501 1097 3565 identidem
1130 3501 1304 3585 appellans,

114 3629 140 3669 ao
154 3609 251 3672 etiam
276 3607 490 3692 ignobilitatis
515 3607 652 3689 quadam
677 3607 716 3670 ad
736 3613 880 3671 senatum
901 3608 1039 3692 epistula
1058 3629 1189 3692 arguere
1208 3631 1304 3673 ausus

154 3721 202 3780 est
227 3715 318 3797 quasi
342 3707 486 3778 materno
511 3735 572 3777 auo
597 3713 768 3779 decurione
791 3713 946 3778 Fundano
972 3717 1084 3794 ortam,
1108 3737 1180 3779 oum
1200 3715 1304 3799 publi-

154 3823 199 3888 eis
223 3821 440 3886 monumentis
464 3824 586 3883 certum
611 3820 653 3883 sit
677 3819 841 3884 Aufidium
862 3821 1040 3885 Lurconem
1060 3821 1181 3885 Romae
1204 3822 1303 3887 hono-

154 3985 368 3993 .-—--——-

226 4075 514 4130 lconsalutarentG
576 4074 733 4128 ticonium
748 4075 837 4145 fflQr,
851 4076 945 4128 iouicu
964 4078 990 4130 Τ
1049 4082 1080 4129 10
1095 4078 1253 4130 tetraoones
1269 4079 1306 4130 M

156 4164 188 4212 13
208 4156 373 4210 concubitus
390 4157 415 4209 G
498 4160 530 4208 17
547 4155 862 4210 ΕὰΛὰΝὰΙΡΠΕΓωΕΕ
874 4158 912 4211 Μ
928 4163 952 4210 et
970 4158 1029 4210 sim.
1044 4158 1090 4210 rel.
1106 4158 1236 4225 (primum
1250 4157 1303 4226 sip—

154 4239 343 4297 novancuria
354 4236 541 4302 ermom
556 4235 589 4288 N
645 4241 678 4287 23
695 4235 1116 4306 succensebatqueGll'QPST
1177 4242 1209 4289 27
1227 4235 1302 4290 Sicu-

153 4319 252 4387 lasque
272 4336 288 4378 ς
307 4317 487 4385 (Sabellicus),
506 4315 687 4385 singulasque
702 4319 767 4383 (que
786 4333 835 4369 om.
852 4317 889 4385 R)
905 4319 943 4382 sn
963 4315 1109 4369 Actiacam
1125 4315 1304 4385 Siculumque

155 4400 271 4453 rnalebct
289 4397 439 4452 Sabellicus
525 4400 557 4448 28
576 4395 678 4449 luliam
694 4397 810 4450 Ocsaab.
893 4402 1056 4464 eapropter
1073 4397 1167 4451 titulos
1185 4403 1304 4464 expectes

155 4478 289 4532 Alfidium
361 4475 516 4529 Lurconem
536 4475 698 4543 Stephanus,
715 4475 860 4544 lyrgonem
881 4475 958 4546 (lirg-
969 4478 1032 4543 Lll,
1051 4476 1126 4546 nirg-
1140 4478 1177 4546 Τ)
1188 4480 1214 4530 ll
