3108 5102
265 345 330 409 310
616 344 643 400 C.
664 345 822 401 SVETONI
840 345 1066 412 TRANQVILLI

264 507 302 571 de
326 509 517 592 imperatore
540 508 699 592 Romano,
728 513 887 592 quantum
910 515 1023 594 postea
1046 514 1164 574 euentu
1187 512 1305 596 paruit,
1330 534 1419 594 prae-

264 614 385 679 dictum
412 613 523 679 Iudaei
553 615 594 679 ad
621 637 655 680 se
682 615 844 681 trahentes
874 616 1072 681 rebellarunt
1101 639 1255 701 caesoque
1284 641 1416 702 praepo-

265 721 327 786 sito
355 721 498 807 legatum
529 723 660 805 insuper
688 721 800 805 Syriae
829 724 1030 788 consularem
1062 725 1231 808 suppetias
1263 725 1416 790 ferentem

261 832 354 912 rapta
386 829 495 911 aquila
526 828 730 915 fugauerunt.
787 830 826 892 ad
857 829 945 894 hunc
978 835 1103 895 motum
1140 831 1416 914 comprimendum

264 956 337 999 cum
361 935 501 999 exercitu
525 937 678 1019 ampliore
702 940 734 1000 et
755 957 822 1000 non
845 937 1010 1003 instrenuo
1031 937 1122 1021 duce,
1146 938 1198 1001 cui
1217 941 1327 1003 tamen
1346 943 1414 1002 tuto
1440 963 1451 1002 s

264 1046 354 1106 tanta
383 1064 433 1106 res
464 1043 730 1126 committeretur,
761 1064 842 1126 opus
872 1046 964 1126 esset,
994 1044 1064 1127 ipse
1096 1043 1304 1128 potissimum
1336 1045 1415 1109 dele·

264 1153 334 1213 ctus
362 1153 411 1213 est
439 1153 476 1213 ut
503 1152 534 1213 et
558 1149 733 1213 industriae
757 1153 906 1234 expertae
929 1171 988 1214 nec
1010 1151 1204 1215 metuendus
1227 1152 1295 1215 ullo
1319 1153 1414 1216 modo

230 1257 305 1320 oob
329 1256 546 1320 humilitatem
569 1257 695 1342 generis
718 1278 755 1320 ac
777 1257 927 1321 nominis.
974 1256 1090 1320 additis
1113 1258 1217 1342 igitur
1240 1259 1280 1321 ad
1305 1259 1413 1343 copias

265 1362 387 1426 duabus
414 1362 604 1448 legionibus,
635 1366 707 1427 octo
737 1362 805 1446 alis,
833 1362 1020 1427 cohortibus
1048 1364 1172 1448 decem,
1200 1368 1299 1448 atque
1331 1367 1414 1430 inter

262 1470 387 1555 legatos
411 1470 530 1533 maiore
553 1469 622 1532 filio
646 1473 820 1553 assumpto,
844 1474 881 1532 ut
903 1471 1045 1553 primum
1069 1471 1273 1553 prouinciam
1293 1474 1412 1557 attigit,
1426 1496 1448 1534 n

262 1575 425 1660 proximas
454 1598 583 1658 quoque
610 1578 772 1640 conuertit
798 1576 899 1657 inse,
928 1581 1072 1642 correcta
1099 1578 1209 1642 statim
1233 1582 1412 1643 castrorum

262 1683 445 1766 disciplina,
472 1703 601 1766 unoque
629 1688 661 1746 et
684 1683 785 1746 altero
809 1683 932 1765 proelio
955 1687 1022 1746 tam
1047 1688 1235 1748 constanter
1258 1686 1351 1770 inito,
1379 1691 1413 1750 ut

264 1793 297 1853 in
321 1790 563 1874 oppugnatione
588 1789 709 1853 castelli
732 1790 849 1873 lapidis
874 1791 974 1854 ictum
998 1812 1083 1876 genu
1103 1796 1259 1875 scutoque
1279 1794 1411 1877 sagittas

263 1897 390 1979 aliquot
413 1896 582 1980 exceperit.

218 2004 239 2068 5
351 2003 432 2067 Post
453 2002 616 2068 Neronem
640 2002 838 2086 Galbamque
861 2001 989 2068 Othone
1013 2025 1050 2068 ac
1069 2003 1205 2069 Vitellio
1231 2006 1269 2069 de
1293 2007 1409 2090 prinoi—
1423 2025 1443 2064 n
1531 2039 1532 2044 κ

263 2115 341 2194 patu
370 2110 567 2174 certantibus
596 2112 631 2173 in
659 2132 748 2194 spem
776 2111 893 2195 inperii
916 2113 1007 2175 uenit
1031 2112 1096 2177 iam
1120 2112 1246 2196 pridem
1269 2113 1332 2176 sibi
1356 2135 1411 2197 per

263 2218 342 2281 haec
366 2221 493 2282 ostenta
515 2222 711 2302 conceptam.

228 2345 244 2390 a
351 2323 390 2389 ln
408 2325 592 2389 suburbano
607 2323 793 2390 Flauiorum
812 2347 948 2410 quercus
968 2327 1111 2409 antiqua,
1132 2348 1213 2409 quae
1232 2331 1300 2390 erat
1315 2327 1408 2390 Marti

263 2453 360 2515 sacra,
390 2454 449 2514 per
477 2434 543 2495 tres
565 2430 739 2514 Vespasiae
769 2436 881 2515 partus
913 2433 1059 2516 singulos
1092 2437 1224 2517 repente
1255 2456 1361 2498 ramos
1391 2456 1407 2495 a
1450 2418 1453 2425 ¹

263 2537 379 2602 frutice
402 2538 498 2622 dedit,
520 2538 607 2602 haud
630 2538 728 2602 dubia
752 2540 844 2624 signa
867 2539 969 2603 futuri
994 2541 1150 2622 cuiusque
1172 2541 1246 2603 fati:
1270 2542 1406 2622 primum
1419 2558 1441 2596 2⁰

263 2645 378 2708 exilem
403 2648 435 2707 et
459 2646 522 2709 cito
543 2646 726 2728 arefactum,
750 2646 885 2729 ideoque
909 2646 1016 2728 puella
1034 2650 1110 2710 nata
1128 2668 1193 2710 non
1212 2648 1407 2730 perennant,

263 2752 437 2814 secundum
456 2752 676 2834 praeualidum
695 2773 732 2816 ac
751 2753 915 2836 prolixum
935 2756 966 2816 et
987 2754 1044 2836 qui
1058 2775 1208 2838 magnam
1223 2753 1407 2817 felicitatem

262 2857 477 2941 portenderet,
491 2860 623 2922 tertium
638 2880 714 2923 uero
730 2860 831 2922 instar
846 2859 980 2923 arboris.
1013 2881 1111 2943 quare
1121 2863 1244 2943 patrem
1255 2857 1408 2923 Sabinum

334 3005 417 3068 dsqq.
433 3000 524 3052 Victor
540 2999 613 3053 ans,
632 2999 867 3063 8,11udaeorum
885 2999 969 3065 bella
989 2999 1064 3066 quod
1079 2997 1201 3052 Neronis
1221 2999 1299 3052 iussu
1319 3017 1408 3053 susce·

262 3083 350 3149 perat.
371 3081 405 3145 cf.
423 3080 496 3133 Oros.
514 3080 575 3132 VII
591 3084 644 3144 9,3
664 3079 700 3131 ad
718 3078 769 3132 hos
785 3079 922 3148 (Iudaeos)
938 3078 1128 3146 Vespasianus
1149 3078 1289 3132 aNerone
1310 3080 1408 3133 missus

262 3161 458 3232 (Bienctron.
473 3179 498 3214 a.
513 3162 605 3228 2084).
680 3165 694 3211 'l
720 3160 810 3213 Victor
830 3161 904 3214 Caes.
920 3163 977 3225 8,4
1000 3159 1186 3226 Vespasianus
1205 3176 1280 3212 noua
1300 3163 1410 3214 senator

262 3241 433 3294 familia
457 3239 597 3292 industria
620 3239 758 3306 rebusque
783 3240 861 3307 pacis
886 3255 918 3293 ac
941 3239 1063 3292 militiae
1087 3239 1172 3307 longe
1195 3239 1299 3293 nobilis
1326 3241 1409 3294 habe·

263 3322 354 3375 batur.
391 3323 425 3387 cf.
445 3323 482 3374 ud
498 3340 528 3389 y.
545 3324 640 3386 30⁶‚3
739 3325 825 3387 Ssqq.
848 3319 922 3374 Oros.
939 3321 998 3374 VH
1015 3325 1072 3386 9,3
1096 3319 1193 3372 Titum
1215 3319 1306 3372 filium
1331 3338 1409 3373 suum

262 3401 397 3455 maiorem
415 3402 489 3454 inter
508 3401 616 3470 legatos
635 3400 747 3466 habuit3
776 3417 842 3452 nam
865 3399 968 3452 multas
995 3400 1024 3452 et
1041 3399 1152 3452 ualidas
1171 3399 1297 3469 legiones
1318 3417 1409 3455 secum

262 3482 292 3534 in
312 3481 421 3549 Syriam
439 3482 559 3534 traiecit.
633 3487 664 3533 11
685 3481 720 3546 cf.
740 3482 858 3549 Eutrop.
880 3481 941 3532 VII
959 3484 1031 3545 2O,11
1055 3479 1177 3549 diligens
1277 3481 1411 3534 coercitor

335 3688 468 3754 lpostea
485 3687 574 3739 uentu
593 3688 641 3751 M,
668 3687 771 3739 euentu
789 3687 888 3753 postea
907 3689 938 3739 Π
955 3689 1036 3755 (pars
1054 3685 1124 3752 edd.)
1233 3686 1368 3754 apparuit
1386 3689 1409 3750 d,

262 3767 386 3835 patuits
455 3766 662 3820 adebellarunt
680 3769 709 3831 Τ,
728 3765 898 3820 rebellarant
912 3767 1029 3835 Bentley
1098 3770 1192 3818 tcum
1206 3764 1279 3836 (et)
1295 3767 1410 3836 Bentley

263 3854 277 3900 'l
292 3847 449 3900 industriae
463 3849 594 3915 expertae
609 3845 671 3915 Hy,
689 3845 830 3899 industria
845 3845 953 3914 experti
969 3846 1042 3911 MR,
1061 3845 1202 3898 industria
1216 3849 1348 3913 expertus
1360 3845 1413 3900 ΘΧ

263 3934 278 3979 9
297 3926 455 3997 legionibus
475 3927 583 3980 duabus
602 3933 627 3981 et
645 3933 703 3980 tnnc
722 3925 918 3980 coherentibus
941 3926 967 3980 G
1040 3931 1073 3979 10
1092 3925 1268 3994 prouinciam
1288 3924 1407 3997 (suam)

264 4008 296 4062 G.
313 4009 415 4062 Becker
505 4015 538 4060 12
557 4024 613 4060 uno
633 4023 744 4074 quoque
759 4006 812 4075 HQ
831 4007 929 4077 (nnly.)
1022 4012 1054 4060 13
1073 4006 1133 4058 ictu
1150 4005 1188 4057 M
1276 4008 1408 4074 scutoque

263 4089 382 4158 sagittas
397 4093 426 4142 X
438 4091 596 4157 (scutosque
610 4087 669 4156 L¹)‚
689 4090 767 4141 scuto
783 4087 959 4156 sagittasque
976 4088 1018 4153 M,
1038 4088 1173 4152 scutoque
1188 4084 1364 4154 sagittasque
1376 4085 1407 4150 G,

263 4172 341 4224 scuto
362 4168 481 4238 sagittas
501 4171 525 4221 Τ
543 4170 648 4238 (nnly),
668 4169 747 4220 scuto
766 4167 885 4236 sagittas
904 4166 1059 4238 <quo>que
1078 4166 1213 4220 Balcbeler
1286 4171 1319 4219 18
1338 4181 1407 4232 quae

262 4250 366 4320 mys,
381 4256 445 4318 post
463 4265 543 4302 sacra
561 4249 640 4303 labet
653 4248 681 4314 S,
695 4254 760 4317 post
778 4249 838 4301 erat
853 4249 935 4316 ponit
949 4248 1074 4316 Bentley,
1093 4262 1142 4300 om.
1158 4247 1204 4300 rel.
1220 4246 1275 4315 (a),
1294 4246 1358 4299 inde
1375 4261 1406 4297 ea

259 4338 322 4398 post
344 4347 423 4384 sacra
445 4331 534 4396 suppl.
557 4328 590 4382 G.
605 4329 720 4394 Becker,
746 4344 819 4396 quae
843 4330 903 4380 erat
925 4328 957 4380 in
979 4329 1081 4395 optimo
1104 4328 1161 4382 cod.
1186 4327 1273 4380 deesse
1297 4331 1406 4380 testatur

266 4413 341 4466 Torr.
361 4411 479 4478 deletqne
502 4410 617 4462 Ernesti
698 4414 731 4461 19
759 4409 875 4475 repente
893 4425 944 4462 om.
963 4412 993 4459 X
1008 4408 1082 4476 (add.
1099 4406 1149 4476 L¹>
1236 4424 1271 4458 an
1294 4404 1404 4458 frutices

262 4491 387 4559 Lipsius,
406 4505 423 4543 a
441 4488 540 4542 fomite
560 4489 685 4555 Gny'etna
704 4505 721 4542 a
739 4489 834 4542 radice
854 4489 970 4558 Bentley
1042 4492 1075 4540 20
1095 4487 1186 4540 edidit
1205 4487 1321 4558 Bentley
