3166 5106
525 378 553 433 C.
574 379 753 433 CALIGVLA
774 391 838 439 [cnr.
855 391 942 440 sr-ts]
1246 381 1308 457 195')

158 543 310 626 prosiluit
333 566 370 607 ac
393 543 550 608 desaltato
575 542 699 606 cantico
724 543 811 607 abiit.
854 547 950 625 atque
973 544 1026 608 hic
1045 548 1111 607 tarn
1130 543 1245 608 docilis
1271 545 1310 607 ad

158 656 263 714 cetera
286 654 397 713 natare
420 650 542 714 nesciit.

249 755 392 832 Quorum
411 779 488 821 uero
508 757 615 820 studio
634 759 805 838 teneretur,
825 758 974 822 omnibus
993 759 1033 822 ad
1047 758 1204 822 insaniam
1219 759 1363 824 faunos

157 864 351 928 Mnesterem
378 864 614 947 pantomimum
647 864 743 926 etiam
772 863 856 927 inter
889 864 1070 947 spectacula
1098 865 1310 948 osculabatur,
1392 899 1394 908 κ

128 993 194 1035 cao
218 971 245 1035 si
269 972 325 1054 qui
349 973 486 1034 saltante
515 992 552 1035 eo
581 969 633 1034 uel
661 970 776 1034 leuiter
800 970 1011 1053 obstreperet,
1039 972 1165 1036 detrahi
1188 973 1310 1036 iussum

157 1101 255 1141 manu
279 1100 337 1141 sua
359 1077 552 1162 flagellabat.
593 1077 694 1160 equiti
717 1075 755 1140 R.
778 1077 989 1141 tumultuanti
1014 1100 1072 1162 per
1091 1081 1310 1144 centurionem

157 1185 374 1267 denuntiauit,
402 1185 505 1248 abiret
534 1185 602 1248 sine
629 1205 720 1247 mora
744 1182 867 1248 Ostiam
895 1185 1116 1267 perferretque
1142 1186 1181 1249 ad
1205 1185 1310 1249 Ptole-

157 1314 283 1355 maeum
307 1314 416 1377 regem
441 1292 474 1354 in
497 1289 730 1355 Mauretaniam
751 1289 917 1356 codicillos
936 1314 1024 1375 su0s3
1049 1315 1186 1375 quorum
1207 1315 1312 1357 exem-

157 1398 249 1482 plum
277 1403 358 1462 erat:
387 1399 421 1462 ei
450 1420 558 1481 quem
587 1398 688 1461 istoc
715 1398 817 1480 misi,
843 1420 964 1482 neque
992 1399 1083 1462 boni
1107 1400 1311 1483 quicquam

116 1527 278 1590 ronequc
306 1505 399 1569 mali
428 1506 578 1569 feceris.
629 1505 829 1587 Thr<a>eoes
860 1507 1016 1588 quosdam
1048 1504 1214 1570 Germanis
1244 1524 1346 1571 cor-2

58 1675 60 1678 .
156 1613 244 1696 poris
269 1612 456 1677 custodibus
481 1611 675 1695 praeposuit.
717 1612 959 1676 murmillonum
986 1611 1163 1677 armaturas
1187 1613 1310 1677 recidit.

157 1719 316 1783 Columbo
345 1719 475 1803 uictori,
502 1719 618 1782 leuiter
645 1723 752 1782 tamen
781 1719 902 1798 saucio,
932 1741 1090 1783 uenenum
1119 1720 1151 1783 in
1181 1723 1311 1806 plagam

156 1827 292 1910 addidit,
324 1826 410 1908 quod
440 1848 480 1888 ex
510 1847 548 1889 eo
573 1823 799 1890 Columbinum
826 1825 1018 1908 appellauit3
1044 1827 1088 1890 sic
1114 1831 1199 1890 certe
1228 1828 1312 1891 inter

156 1933 219 1996 alia
246 1953 368 1995 uenena
394 1931 550 2014 scriptum
577 1933 617 1994 ab
643 1954 680 1996 eo
707 1935 868 2015 repertum
896 1935 952 1995 est.
998 1934 1146 2015 prasinae
1175 1934 1309 1998 factioni

117 2061 141 2100 15
156 2040 202 2103 ita
226 2038 372 2102 addictus
396 2043 428 2102 et
451 2038 591 2120 deditus,
619 2043 657 2103 ut
680 2043 806 2102 cenaret
830 2039 863 2102 in
887 2039 1014 2102 stabulo
1038 2041 1165 2104 assidue
1190 2044 1222 2104 et
1246 2063 1310 2103 ma-

155 2149 259 2229 neret,
289 2146 442 2230 agitatori
466 2145 617 2228 Eutycho
641 2145 851 2210 comisatione
885 2146 1021 2229 quadam
1045 2145 1079 2208 in
1103 2149 1311 2231 apophoretis

155 2253 255 2317 uicies
279 2253 463 2317 sestertium
491 2252 637 2317 contulit.
684 2249 823 2315 Incitato
853 2273 945 2335 equo,
975 2254 1065 2317 cuius
1090 2274 1185 2317 causa
1208 2255 1346 2338 pridies

155 2361 321 2444 circenses,
348 2383 389 2424 ne
418 2359 659 2441 inquietaretur,
683 2358 819 2422 uiciniae
847 2359 1011 2423 silentium
1040 2382 1097 2444 per
1120 2361 1240 2425 milites
1266 2362 1311 2424 in·

156 2467 261 2530 dicere
285 2466 424 2548 solebat,
451 2469 578 2549 praeter
601 2465 706 2549 equile
729 2488 943 2530 marmoreum
968 2472 1000 2530 et
1023 2490 1195 2552 praesaepe
1221 2469 1312 2532 ebur-

116 2594 141 2632 rc
154 2595 250 2637 neum
281 2578 470 2656 praeterque
500 2594 662 2656 purpurea
691 2577 878 2658 tegumenta
907 2595 944 2637 ac
973 2574 1106 2638 monilia
1129 2597 1146 2638 e
1171 2576 1307 2660 gemmis

154 2681 285 2745 domum
308 2680 405 2745 etiam
430 2685 461 2743 et
484 2679 639 2743 familiam
664 2686 696 2743 et
719 2679 950 2763 supellectilem
974 2681 1074 2759 dedit,
1098 2703 1162 2764 quo
1185 2683 1306 2745 lautius

153 2789 283 2851 nomine
307 2789 375 2851 eius
398 2787 528 2851 inuitati
547 2787 778 2870 acciperentur3
802 2789 1004 2851 consulatum
1023 2811 1152 2872 quoque
1170 2789 1309 2853 traditur

154 2895 338 2958 destinasse.

243 2999 294 3064 Ita
321 3001 529 3065 bacchantem
563 3006 658 3083 atque
691 3005 888 3086 grassantem
917 3024 982 3065 non
1013 3001 1115 3065 defuit
1145 3003 1358 3086 plerisquet'rd

9 3177 10 3180 Ἴ
116 3128 138 3168 rs
154 3107 281 3171 animus
306 3107 433 3172 adoriri.
476 3109 531 3172 sed
555 3131 619 3171 una
642 3109 780 3191 <atque>
799 3109 900 3171 altera
919 3108 1156 3190 conspiratione
1177 3111 1306 3174 detecta

153 3215 226 3278 aliis
251 3237 308 3298 per
331 3215 474 3298 inopiam
499 3215 677 3279 occasionis
696 3215 929 3296 cunctantibus,
954 3215 1016 3278 duo
1037 3216 1205 3279 consilium
1228 3238 1311 3280 corn-

153 3321 400 3385 municauerunt
422 3321 703 3405 perfeceruntque,
726 3344 792 3384 non
816 3321 885 3384 sine
909 3321 1103 3385 conscientia
1126 3324 1311 3406 potentissi-

154 3450 280 3492 morum
295 3428 485 3492 libertorum
505 3429 803 3512 praefectorumque
818 3428 972 3510 praetori,
996 3429 1082 3512 quod
1101 3430 1165 3512 ipsi
1182 3452 1310 3513 quoque

155 3535 216 3598 etsi
234 3533 317 3598 falso
337 3535 372 3598 in
386 3536 523 3617 quadam
538 3535 758 3599 coniuratione
773 3535 865 3617 quasi
880 3536 1052 3619 participes
1067 3537 1238 3621 nominati,
1262 3562 1311 3601 su-

117 3660 141 3700 so
155 3645 281 3724 spectos
291 3645 399 3705 tamen
419 3664 453 3705 se
472 3646 504 3704 et
523 3643 645 3705 inuisos
665 3641 853 3706 sentiebant.
891 3666 965 3706 nam
985 3648 1017 3706 et
1036 3643 1146 3707 statim
1167 3645 1311 3709 seductis

227 3797 240 3843 1
262 3791 405 3859 prosiliuit
421 3789 520 3856 ΝΤ,
540 3790 663 3859 prosiliit
677 3791 709 3842 N
798 3795 813 3842 2
833 3794 931 3844 notare
951 3793 1066 3862 Bentley
1147 3795 1237 3845 nescit
1256 3794 1311 3846 LP

155 3871 340 3925 3studiisG
395 3871 579 3924 amnesther.
597 3873 644 3936 M,
667 3871 809 3923 Mnestera
829 3873 946 3940 Bentley
1007 3875 1073 3924 tat
1095 3872 1150 3926 GT
1207 3873 1310 3927 leniter

154 3952 215 4004 LN
268 3951 480 4004 lutabiretL
536 3950 771 4003 Smauritaniam
787 3953 813 4002 a
868 3957 901 4003 10
920 3952 1048 4020 germani
1065 3952 1155 4005 Mor]
1215 3958 1247 4005 13
1268 3953 1312 4004 in-

155 4031 229 4083 didit
247 4032 337 4086 Polalc
397 4036 430 4082 14
449 4030 616 4098 inscriptum
632 4032 748 4100 Bentley
806 4036 839 4082 lt
859 4031 1003 4084 euthicott
1018 4035 1083 4100 (ey-,
1104 4049 1158 4099 cy-,
1179 4033 1217 4085 ei·
1234 4034 1310 4086 codd-

155 4119 261 4177 practer
275 4113 335 4177 Mb
356 4110 480 4180 Εὔτυχος
499 4112 604 4179 Ioseph.
621 4117 677 4163 ont.
693 4112 755 4164 Iud.
767 4111 846 4163 XIX
859 4115 916 4175 4,4
977 4117 1009 4190 lt
1029 4129 1132 4178 equum
1148 4113 1259 4166 LPOT

155 4190 287 4245 eboreum
305 4190 464 4247 MGL¹PT
541 4197 573 4242 20
594 4191 639 4260 ac]
659 4191 734 4244 etG
812 4191 930 4243 monilia
949 4209 1074 4260 gemmas
1089 4193 1143 4246 ΧΗ
1158 4195 1253 4253 (aerbo
1279 4210 1311 4247 ac

156 4287 227 4324 mon.
244 4289 328 4340 usquc
343 4271 423 4324 dedit
437 4273 468 4323 in
484 4272 700 4340 tavernaculi),
720 4270 837 4322 monilia
852 4273 880 4324 et
894 4287 1019 4339 gemmas
1035 4275 1061 4336 d,
1080 4272 1184 4324 monile
1201 4290 1216 4325 e
1236 4290 1312 4341 gem-

156 4351 208 4404 mis
224 4352 282 4421 HQ,
368 4358 401 4404 25
422 4353 507 4419 atquc
522 4351 612 4404 altera
630 4353 729 4418 scripsi
744 4352 787 4419 (cf.
804 4352 897 4404 Herna
909 4356 945 4403 40
958 4369 984 4418 p.
1003 4355 1074 4418 182),
1087 4351 1176 4405 altera
1197 4355 1262 4417 Md,
1284 4356 1313 4406 et

157 4431 246 4485 altera
263 4432 355 4502 GHQ,
376 4431 522 4498 alteraque
541 4433 594 4485 XR
615 4432 693 4499 (edd.)
776 4436 810 4483 26
831 4430 1027 4483 dubitantibus
1045 4431 1069 4484 G
1152 4433 1206 4486 duo
1223 4436 1313 4504 HQT,

157 4512 230 4566 duae
254 4514 300 4565 rel.
317 4514 356 4581 (a)

1085 4583 1098 4611 t

1040 4608 1070 4653 13
