3142 5112
521 367 630 424 DIVVS
649 366 768 422 IVLIVS
789 380 854 430 [cur.
870 381 957 432 ιιι-15]
1273 371 1314 434 37

163 533 321 616 quosdam
349 533 446 596 etiem
475 532 579 596 infimi
606 532 734 618 generis
764 532 804 596 ad
834 533 1050 617 amplissimos
1078 533 1217 599 honores
1245 556 1316 618 pro·

162 639 267 723 uexit,
290 661 360 703 cum
387 637 429 702 ob
453 637 485 702 id
509 640 706 722 culparetur,
730 639 893 723 professus
917 639 1038 724 palam,
1067 641 1098 704 si
1121 645 1317 726 grassato-

163 767 247 809 rum
275 749 312 808 et
341 744 568 810 sicariorum
595 767 664 830 ope
689 745 892 809 intuenda
916 768 983 810 sua
1008 746 1202 832 dignitate
1226 769 1316 812 usus

162 856 279 936 esset,
302 851 450 916 talibus
476 873 626 936 quoque
650 874 687 916 se
711 873 840 936 parem
863 854 1027 939 gratiam
1051 853 1270 918 relaturum.

133 983 145 1022 a
255 956 442 1022 Simultates
466 963 579 1023 contra
600 957 706 1024 nullas
725 963 793 1023 tam
811 981 928 1046 graues
947 961 1073 1045 excepit
1092 982 1255 1044 umquam,
1278 957 1368 1025 utto

160 1087 230 1130 non
260 1066 426 1130 occasione
457 1065 568 1130 oblata
599 1065 703 1130 libens
734 1065 916 1151 deponeret.
963 1065 1022 1130 Gai
1051 1067 1197 1150 Memmi,
1226 1067 1316 1132 cuius

161 1171 351 1256 asperrimis
388 1171 592 1236 orationibus
624 1193 692 1236 non
729 1171 853 1237 minore
890 1173 1066 1238 acerbitate
1100 1173 1317 1258 rescripserat,

160 1279 263 1342 etiam
296 1278 491 1364 suffragator
522 1299 597 1344 mox
634 1278 669 1343 in
700 1279 858 1363 petitione
892 1279 1078 1344 consulatus
1107 1279 1178 1345 fuit.
1235 1279 1316 1346 Gaio

161 1383 265 1449 Caluo
288 1387 364 1470 post
391 1385 516 1450 famosa
544 1385 777 1472 epigrammata
806 1385 843 1450 de
872 1386 1131 1452 reconciliatione
1156 1409 1214 1472 per
1241 1387 1317 1452 ami-

120 1519 146 1556 ιο
163 1514 221 1557 cos
242 1490 350 1578 agenti
369 1491 456 1556 ultro
481 1513 517 1556 ac
540 1493 630 1576 prior
654 1491 792 1576 scripsit.
833 1491 999 1558 Valerium
1019 1492 1191 1579 Catullum,
1215 1515 1317 1578 aquo

160 1599 228 1664 sibi
255 1598 424 1664 uersiculis
453 1599 490 1664 de
518 1599 683 1664 Mamurra
710 1604 865 1685 perpetua
894 1602 1048 1686 stigmata
1077 1603 1229 1685 imposita
1251 1622 1317 1666 non

159 1706 438 1789 dissimulauerat,
482 1705 561 1770 satis
597 1705 768 1770 facientem
806 1706 916 1771 cadem
954 1707 1004 1772 die
1037 1707 1185 1773 adhibuit
1222 1729 1317 1772 cenae

158 1811 370 1896 hospitioque
402 1811 505 1898 patris
539 1812 623 1896 eius,
661 1813 744 1877 sicut
781 1817 967 1898 consuerat,
1003 1815 1053 1878 uti
1084 1814 1316 1898 perseuerauit.

160 1919 218 1984 sed
252 1922 284 1984 et
315 1919 350 1985 in
381 1918 565 1984 ulciscendo
602 1923 719 1985 natura
750 1919 934 1984 lenissimus
971 1922 1107 2004 piratas,
1144 1945 1163 1985 a
1195 1920 1366 2005 quibua74

120 2049 144 2090 ιι
160 2030 277 2110 captus
300 2031 362 2110 eat,
390 2048 463 2092 cum
487 2028 521 2090 in
545 2026 704 2091 dicionem
728 2027 916 2113 redegisset,
946 2027 1098 2109 quoniam
1123 2027 1315 2092 suffixurum

161 2156 196 2198 se
220 2135 307 2197 cruci
335 2136 409 2198 ante
437 2132 614 2216 iurauerat,
641 2133 782 2220 iugulari
806 2134 896 2216 prius
919 2136 1028 2218 iussit,
1057 2133 1169 2198 deinde
1193 2133 1313 2220 suffigi,

161 2237 313 2305 Cornelio
341 2238 512 2326 Phagitae,
544 2242 636 2306 cuius
664 2241 827 2324 quondam
853 2245 1029 2305 nocturnas
1058 2240 1192 2305 insidias
1221 2262 1316 2326 aeger

160 2369 198 2410 ac
222 2345 336 2429 letenS,
358 2368 399 2410 ne
422 2346 649 2430 perduceretur
673 2347 713 2411 ad
736 2345 873 2431 Sullam,
896 2349 953 2412 uix
976 2347 1119 2432 praemio
1144 2348 1219 2412 dato
1243 2369 1314 2412 eue-

161 2457 263 2539 serat,
289 2475 466 2538 numquam
494 2474 609 2518 nocere
637 2454 805 2538 sustinuit,
836 2453 1054 2519 Philemonem
1084 2477 1102 2518 a
1130 2476 1229 2519 manu
1252 2477 1313 2520 ser-

120 2583 146 2622 so
160 2584 251 2643 uum,
274 2561 330 2644 qui
352 2582 464 2625 necem
488 2583 578 2625 suam
602 2582 660 2644 per
682 2582 842 2626 uenenum
865 2560 1004 2625 inimicis
1026 2562 1227 2645 promiserat,
1250 2584 1315 2626 non

160 2666 295 2754 grauius
328 2689 423 2750 quam
457 2666 595 2752 simplici
628 2671 731 2731 morte
763 2668 882 2751 puniit,
916 2669 949 2730 in
980 2666 1133 2732 Publium
1168 2667 1351 2732 Clodiuma

160 2775 337 2857 Pompeiae
360 2776 469 2838 uxoris
494 2796 569 2838 suae
594 2774 776 2838 adulterum
796 2777 892 2856 atque
911 2773 1019 2838 eadem
1040 2774 1078 2838 de
1098 2796 1194 2838 causa
1212 2776 1316 2857 pollu-

161 2886 270 2945 tarum
295 2881 560 2946 caerimoniarum
580 2902 671 2945 reum
690 2881 782 2944 testis
802 2881 918 2945 citatus
939 2880 1072 2966 negauit
1091 2903 1124 2944 se
1144 2882 1316 2965 quiequam

160 2989 372 3071 comperisse,
402 2988 550 3072 quamuis
583 2991 615 3050 et
645 2991 747 3050 mater
774 2985 906 3050 Aurelia
934 2991 966 3050 et
994 3009 1087 3052 soror
1117 2986 1199 3051 Iulia
1229 2987 1314 3072 apud

121 3105 149 3155 ιι·
162 3094 293 3160 eosdem
316 3093 438 3158 iudices
463 3093 571 3158 omnia
593 3116 633 3158 ex
656 3094 718 3158 fide
741 3093 998 3178 re<t>tulissent3
1027 3094 1316 3180 interrogatusque,

162 3224 221 3267 cur
245 3200 346 3285 igitur
367 3201 567 3285 repudiasset
586 3223 731 3265 uxorem:
757 3201 947 3283 quoniam,
971 3201 1085 3285 inquit,
1110 3223 1211 3264 meos
1235 3205 1309 3264 tarn

116 3355 119 3364 .
162 3308 387 3392 suspicione
411 3331 520 3391 quam
546 3308 705 3372 crimine
729 3295 857 3371 iudico
878 3329 1007 3372 carere
1026 3311 1212 3392 oportere.
1246 3307 1363 3372 mo-lb

163 3415 363 3479 derationem
391 3437 469 3479 uero
498 3416 764 3496 clementiamque
788 3435 859 3477 eum
889 3415 923 3478 in
946 3414 1225 3479 administratione
1248 3417 1317 3478 tum

162 3524 197 3586 in
231 3521 369 3586 uictoria
401 3521 478 3584 belli
512 3520 616 3585 ciuilis
651 3520 873 3584 admirabilem
907 3519 1062 3584 exhibuit.
1109 3521 1317 3585 denuntiante

239 3703 272 3750 29
293 3697 423 3766 Polycrate.
446 3697 522 3749 VIII
533 3700 626 3760 23,27
650 3700 760 3763 Καῖσαρ
781 3695 932 3764 Πομπηΐου
952 3697 1123 3764 κηρύξαντος
1143 3695 1250 3764 ἔχθραν
1270 3695 1318 3749 καὶ

164 3787 225 3839 τοῖς
253 3778 393 3849 μηδετέρῳ
418 3774 651 3844 προστιθεμένοις
676 3775 845 3843 ἀπεκήρυξε
875 3776 923 3828 καὶ
950 3774 1049 3844 φίλους
1072 3774 1226 3845 ἡγήσεσθαι
1252 3772 1313 3828 κατ’

165 3859 229 3912 ι”σον
247 3866 306 3920 τοῖς
326 3855 414 3927 ἑαυτῷ
434 3855 652 3925 συμμαχήσασιν,

238 4026 252 4070 2
273 4020 316 4072 est
325 4024 390 4087 post
403 4015 545 4086 professus
561 4017 625 4070 add.
645 4016 809 4070 rP²o²TN
821 4017 926 4086 (rrulp.),
937 4023 1000 4084 poet
1014 4015 1109 4084 palam
1126 4016 1151 4069 G
1224 4021 1239 4067 ὁ
1255 4015 1316 4068 nul·

117 4086 123 4104 ⁴
163 4100 206 4153 los
224 4098 348 4152 (r'XTN
418 4113 562 4165 nunquam
581 4101 610 4166 (n
625 4100 706 4165 prior·
725 4101 769 4163 ss.)
783 4098 806 4149 G
827 4099 979 4164 (eunquem
997 4099 1024 4166 9)
1100 4104 1130 4149 11
1152 4095 1206 4148 sibi
1226 4113 1275 4148 ona
1294 4097 1319 4149 V

165 4185 198 4233 13
219 4179 301 4232 sicG
374 4181 523 4232 consuerat
542 4180 697 4246 (euenerat
713 4178 811 4244 Por)
823 4175 870 4240 X‘,
889 4178 1051 4245 perseueret
1068 4176 1152 4241 M1G,
1170 4178 1316 4244 persuerat

167 4259 224 4325 Μ’,
242 4260 426 4328 persueuerat
439 4258 507 4327 Qu,
527 4260 758 4326 perseuerauerat
770 4259 806 4321 H,
825 4258 903 4324 prius
924 4259 1054 4309 euenerat
1065 4257 1179 4324 Bentley
1240 4263 1273 4308 14
1288 4259 1317 4309 et

165 4357 208 4394 oua
224 4341 259 4394 M
263 4339 303 4392 ¹G
389 4344 421 4390 15
442 4338 553 4391 dicione
565 4341 613 4403 M,
638 4338 811 4390 deditionem
828 4337 889 4389 GH
893 4338 920 4390 It
1004 4342 1035 4389 18
1051 4354 1127 4390 ne-
1138 4335 1245 4388 Sullam
1265 4337 1314 4388 dcl.

166 4422 253 4474 Pelet·
337 4424 368 4472 19
394 4436 506 4473 seruum
529 4419 579 4472 del.
604 4420 678 4472 Torr.
699 4419 732 4470 al.
818 4423 851 4468 23
871 4417 1100 4470 testificatumG
1187 4421 1219 4467 26
1240 4432 1315 4468 meos

165 4517 215 4554 om.
238 4501 262 4552 V
332 4505 365 4552 28
386 4499 460 4569 cunr]
481 4501 540 4551 torn
559 4498 657 4567 11¹0&
666 4498 725 4550 TN
