3136 5100
500 373 610 428 DIVVS
629 375 808 430 CLAVDIVS
828 387 892 435 [aar.
908 387 983 436 5-10]
1245 375 1312 439 205

159 561 231 604 rum
257 538 383 602 ossibus
407 539 639 617 incessebatur,
667 541 827 603 interdum
851 539 954 603 ferula
976 539 1119 624 flagroue
1142 539 1232 602 uelut
1255 561 1314 622 per

160 647 274 710 ludum
298 644 501 710 excitabatur
524 667 542 708 a
566 647 698 729 copreis.
742 647 889 710 solebant
917 651 948 710 et
977 646 1125 709 manibus
1149 647 1313 711 stertentis

160 754 249 818 socci
276 753 400 831 induci,
432 757 469 816 nt
500 757 631 836 repente
665 753 907 838 expergefactus
939 753 1054 816 faciem
1087 753 1217 818 sibimet
1240 773 1312 817 con-

161 861 301 924 tricaret.

134 992 145 1029 a
253 966 313 1031 Sed
340 989 381 1030 ne
413 965 652 1031 discriminibus
684 968 811 1050 quidem
845 968 953 1030 caruit.
1000 967 1141 1049 primum
1173 966 1207 1029 in
1239 966 1349 1050 ipsotl

162 1074 346 1155 consulatu,
379 1074 465 1156 quod
496 1073 635 1138 Neronis
666 1078 698 1137 et
726 1073 825 1136 Drusi
852 1074 988 1137 fratrum
1018 1072 1162 1137 Caesaris
1192 1077 1314 1136 statuas

162 1181 294 1265 segnius
322 1181 473 1244 locandas
505 1181 733 1264 ponendasque
765 1185 916 1263 curasset,
946 1202 1047 1265 paene
1076 1181 1198 1244 honore
1229 1203 1314 1244 sum-

162 1292 271 1351 motus
299 1291 361 1372 est3
394 1287 507 1352 deinde
537 1292 688 1360 extraneo
716 1288 769 1352 uel
797 1288 894 1351 etiam
925 1287 1174 1352 domesticorum
1205 1287 1314 1370 aliquo

163 1395 325 1457 deferente
358 1394 484 1458 assidue
521 1395 673 1477 uarieque
711 1394 916 1478 inquietatus.
974 1415 1046 1457 eum
1080 1416 1157 1458 uero
1189 1395 1315 1458 detecta

123 1525 149 1563 ro
165 1505 249 1564 esset
271 1499 385 1584 Lepidi
419 1505 450 1564 ct
485 1500 643 1565 Gaetulici
676 1501 868 1585 coniurati0,
900 1502 1018 1566 missus
1046 1503 1080 1565 in
1109 1501 1313 1566 Germaniam

165 1611 249 1671 inter
280 1609 406 1693 legatos
439 1608 478 1672 ad
512 1609 738 1692 gratulandum
773 1610 870 1672 etiam
902 1610 989 1672 uitae
1021 1608 1199 1691 periculum
1227 1608 1315 1690 adiit,

164 1714 354 1800 indignante
377 1737 414 1779 ao
437 1715 592 1778 fremente
612 1713 692 1779 Gaio
716 1720 867 1798 patruum
891 1717 1096 1799 potissimum
1121 1715 1160 1778 ad
1184 1737 1217 1778 se
1241 1715 1315 1778 mis-

165 1844 237 1884 sum
262 1822 353 1905 quasi
377 1821 417 1884 ad
440 1843 575 1904 puerum
598 1823 787 1906 regendum,
811 1822 890 1886 adeo
914 1826 1038 1884 utnon
1062 1821 1234 1902 defuerint,
1259 1823 1314 1904 qui

164 1929 328 1992 traderent
350 1929 599 2012 praecipitatum
623 1949 751 2012 quoque
775 1930 809 1992 in
830 1930 958 2009 flumen,
982 1931 1028 1992 sic
1047 1933 1083 1992 ut
1102 1930 1239 1992 uestitus
1264 1928 1315 1992 ad-

125 2040 305 2099 rauscerat.
352 2039 449 2118 atque
477 2059 516 2098 ox
550 2057 587 2100 eo
615 2058 792 2119 numquam
820 2055 885 2098 non
913 2036 945 2097 in
979 2041 1092 2099 senatu
1118 2037 1350 2099 nouissimusa

166 2141 382 2206 consularium
416 2142 607 2206 sententiam
637 2143 732 2225 dixit,
762 2142 958 2227 ignominiae
987 2163 1081 2206 causa
1108 2147 1183 2226 post
1211 2142 1315 2206 omnis

167 2251 392 2334 interrogatus.
435 2249 530 2312 etiam
559 2249 703 2334 cognitio
730 2250 803 2312 falsi
827 2250 1012 2313 testamenti
1040 2253 1169 2332 recepta
1192 2253 1255 2332 est,
1283 2249 1318 2311 in

167 2377 231 2438 quo
256 2360 288 2418 et
312 2357 379 2438 ipse
404 2357 596 2440 signauerat.
634 2360 797 2438 postremo
822 2357 1004 2420 sestertium
1030 2356 1172 2442 octogies
1191 2377 1252 2440 pro
1271 2357 1316 2418 in-

167 2464 267 2527 troitu
291 2463 369 2526 noui
393 2463 564 2527 sacerdotii
588 2466 717 2526 coactus
736 2463 927 2547 impendere,
952 2465 991 2527 ad
1011 2485 1063 2527 eas
1083 2464 1128 2526 rei
1147 2463 1316 2527 familiaris

127 2591 152 2628 ro
168 2569 331 2654 angustias
364 2569 494 2651 decidit,
526 2574 563 2633 ut
593 2591 665 2633 cum
697 2569 872 2654 obligatam
904 2571 1025 2634 aerario
1055 2571 1150 2634 fidem
1180 2571 1317 2636 liberare

166 2694 232 2739 non
260 2679 381 2759 posset,
412 2676 446 2739 in
476 2695 613 2738 uacuum
641 2677 714 2759 lege
742 2677 956 2758 praediatoria
984 2677 1107 2741 uenalis
1130 2678 1318 2761 pependerit

169 2783 228 2846 sub
257 2783 361 2846 edicto
384 2782 627 2865 praefectorum.
678 2782 739 2845 Per
761 2783 840 2847 hacc
868 2805 905 2846 ac
932 2783 1010 2846 talia
1037 2783 1177 2847 maxima
1205 2785 1318 2848 aetatis
1329 2778 1372 2843 10

168 2893 259 2972 parte
291 2892 452 2952 transacta
485 2889 753 2974 quinquagesimo
786 2910 869 2952 anno
903 2890 1074 2973 imperium
1107 2891 1192 2973 cepit
1221 2913 1317 2974 quan·
1347 2953 1349 2956 ,

169 2996 290 3060 tumuir
315 2995 456 3061 mirabili
480 3017 564 3060 casu.
606 2997 753 3060 exclusus
772 2996 856 3061 inter
875 3001 998 3061 ceteros
1018 2998 1057 3060 ab
1077 2997 1318 3060 insidiatoribus

130 3123 155 3160 aa
172 3100 242 3184 sai,
277 3123 350 3166 cum
380 3103 472 3185 quasi
506 3107 662 3167 secretum
691 3125 730 3166 eo
759 3103 957 3166 desiderante
990 3103 1117 3167 turbam
1150 3104 1317 3167 submoue-

169 3213 249 3294 rent,
273 3209 307 3272 in
331 3209 478 3293 diaetam,
502 3209 553 3274 oui
571 3231 689 3274 nomen
709 3215 758 3273 est
776 3209 982 3294 Hermaeum,
1004 3215 1192 3295 recesserat3
1216 3233 1319 3294 neque

170 3317 274 3380 multo
301 3320 376 3398 post
404 3338 532 3380 rumore
566 3317 669 3380 caedis
703 3318 875 3380 exterritus
903 3319 1065 3400 prorepsit
1097 3318 1136 3380 ad
1167 3318 1318 3381 solarium

170 3422 354 3505 proximum
382 3424 529 3506 interque
552 3428 718 3506 praetenta
741 3423 865 3488 foribus
894 3423 965 3488 uela
989 3447 1023 3488 se
1046 3424 1177 3488 abdidit.
1220 3423 1354 3486 laten-2
1413 3443 1415 3454 ¹

170 3534 235 3592 tem
255 3529 436 3594 discurrens
455 3531 538 3594 forte
555 3531 720 3618 gregarius
738 3531 840 3614 mileu,
859 3531 1089 3596 animaduersis
1107 3531 1253 3616 pedibus,
1273 3530 1318 3615 [e]

244 3790 277 3838 28
298 3786 331 3852 cs.
355 3785 445 3841 Victor
461 3787 534 3841 Ocea.
547 3792 619 3853 3,16
638 3786 763 3840 centurio
838 3785 986 3839 Claudium
1001 3787 1190 3841 occultantem
1210 3803 1238 3840 se
1258 3804 1320 3855 rep-

172 3865 246 3933 perit
261 3865 380 3918 deformi
395 3866 517 3920 latebra:
537 3869 737 3935 protractoque
752 3884 784 3921 eo
800 3866 939 3919 exclamat
953 3867 1029 3935 apud
1044 3868 1142 3932 socios,
1160 3869 1183 3920 si
1199 3867 1320 3934 sapiant,

174 3945 271 3999 adesse
289 3945 454 4013 principem.
484 3949 518 4014 cf.
534 3948 612 4014 Epir.
629 3952 681 4012 4,2

246 4193 259 4238 1
280 4185 429 4258 lerulqtla)
444 4187 570 4256 flagroT
630 4195 645 4240 2
666 4188 774 4256 capreis
786 4193 818 4253 X,
839 4189 946 4256 cropeis
962 4192 992 4242 Π
1009 4189 1051 4256 (cf.
1072 4187 1129 4243 Tio.
1142 4191 1185 4256 61)
1249 4187 1322 4240 3111-

174 4267 222 4318 dui
238 4265 304 4336 11¹0
360 4267 485 4334 aprime
506 4266 543 4321 M
596 4269 734 4320 tcesaris
753 4269 918 4322 fratrumG
974 4267 1045 4341 (C.)
1066 4267 1191 4322 Caesaris
1206 4267 1323 4339 Bentley

174 4350 253 4400 aaa
276 4348 326 4400 del.
347 4347 463 4418 Bentley
555 4354 587 4401 15
607 4365 663 4402 non
685 4365 839 4416 numquam
863 4349 892 4400 in
914 4349 939 4401 G
1029 4354 1062 4401 20
1086 4349 1189 4402 recidit
1208 4349 1323 4419 Bentley

175 4433 207 4480 25
228 4427 401 4480 desideranti
419 4429 511 4482 MGX
526 4428 625 4497 (desid.
646 4445 677 4480 eo
697 4429 731 4496 Τ)
819 4433 850 4480 at
871 4429 1082 4496 perterritnsG
1173 4428 1323 4492 scolarium

176 4507 307 4562 ML²PR
380 4512 412 4559 29
433 4524 512 4561 eom.
531 4509 630 4577 aquei.
648 4509 783 4578 Mudotp),
803 4525 836 4560 ex
855 4510 884 4573 Τ,
902 4511 930 4561 et
945 4509 1112 4574 Potitiorum,
1132 4509 1191 4561 eius
1207 4508 1323 4579 Bentley
