3166 5106
530 349 558 404 C.
578 347 759 404 GALIGVLA
778 362 843 410 [crs.
859 362 946 410 ιιι-ιι]
1262 347 1323 411 181

174 514 324 598 interimi,
348 513 463 580 adiecit
481 513 737 577 necessariam
763 534 847 578 esse
871 511 1072 599 sanguinis
1091 511 1326 593 missionem,

174 614 235 678 cui
258 616 334 676 tam
359 611 422 676 diu
448 632 523 674 non
549 609 753 695 prodesset
780 611 1004 675 elleborum.
1046 609 1168 673 decimo
1197 630 1326 694 quoque

174 721 226 785 die
244 740 413 783 numerum
432 718 667 802 puniendorum
687 740 724 782 ex
745 717 892 782 custodia
911 716 1117 783 subscribens
1136 715 1325 779 rationem

174 849 213 892 se
237 848 401 912 purgare
425 824 560 888 dicebat.
603 822 704 888 Gallis
729 822 921 907 Graecisque
945 823 1070 907 aliquot
1093 844 1157 887 uno
1181 826 1326 904 temporo

142 932 395 998 scondemnatis
410 931 611 1017 gloriabatur
628 929 935 1017 Gallograeciam
955 952 993 994 se
1013 929 1220 1016 subegisse.
1261 950 1326 991 non
1335 935 1381 1000 30

173 1046 295 1106 temere
310 1041 344 1103 in
358 1060 552 1122 quemquam
566 1039 629 1101 nisi
644 1037 763 1102 crebris
778 1041 810 1102 et
825 1037 958 1102 minutis
977 1036 1094 1102 ictibus
1114 1035 1327 1100 animaduerti

172 1169 288 1231 passus
311 1150 373 1225 est,
400 1148 557 1229 perpetuo
586 1148 728 1228 notoque
751 1145 816 1208 iam
839 1149 1023 1229 praecepto:
1051 1143 1107 1207 ita
1130 1142 1203 1208 fori
1226 1146 1268 1207 ut
1290 1163 1328 1206 sc

173 1253 271 1318 mori
295 1251 444 1316 sentiat.
478 1252 594 1335 punito
617 1274 676 1336 per
698 1273 839 1316 errorem
862 1252 1003 1316 nominis
1022 1249 1087 1314 alio
1112 1272 1207 1333 quam
1222 1271 1328 1336 vquem

174 1361 403 1438 destinauerat,
432 1359 538 1442 ipsum
567 1380 695 1442 quoque
726 1359 818 1442 paria
846 1358 1000 1422 meruisse
1031 1356 1122 1421 dixit.
1167 1354 1327 1442 tragicum

128 1489 158 1528 10
174 1468 269 1549 <Aac
284 1472 361 1548 trop.
375 1467 462 1548 203>
482 1464 564 1528 illud
587 1465 723 1530 subinde
746 1465 900 1530 iactabat:

511 1571 677 1655 oderint,
700 1572 784 1635 dum
808 1576 986 1637 metuant.

176 1701 271 1763 saepo
299 1681 332 1744 in
360 1683 492 1744 cunctos
515 1679 637 1762 pariter
664 1682 828 1744 senatores
851 1682 888 1743 ut
911 1677 1020 1743 Seiani
1043 1676 1178 1760 clientis,
1202 1679 1239 1739 ut
1262 1697 1362 1747 ura-2

175 1787 235 1851 tris
259 1808 295 1850 ac
313 1775 450 1851 fratrum
470 1807 603 1849 suorum
622 1785 789 1868 delatores,
813 1786 958 1849 inuectus
980 1789 1028 1848 est
1046 1783 1181 1868 prolatis
1200 1782 1329 1865 libellis,

176 1916 258 1977 quos
287 1897 445 1959 crematos
473 1892 695 1973 simulauerat,
724 1893 916 1975 defensaque
939 1891 1049 1955 Tiberi
1078 1890 1213 1954 saeuitia
1237 1888 1329 1971 quasi

131 2024 159 2064 ιι
174 2001 362 2080 necessaria,
380 2021 454 2063 cum
472 2004 523 2063 tot
541 1999 786 2066 criminantibus
806 1998 998 2063 credendum
1018 2001 1109 2062 esset.
1149 1999 1329 2079 equestrem

176 2108 321 2174 ordinem
351 2112 388 2171 ut
421 2127 554 2171 scaenae
586 2105 787 2189 harenaeque
820 2105 973 2169 deuotum
1005 2104 1132 2168 assidue
1165 2101 1328 2186 proscidit.

176 2214 321 2279 infensus
354 2214 467 2278 turbae
495 2213 617 2277 fauenti
645 2212 797 2278 aduersus
826 2211 968 2276 studium
996 2233 1090 2275 suum
1124 2208 1328 2274 exclamauit:

176 2323 323 2386 utinam
346 2345 375 2406 p.
396 2320 433 2384 R.
458 2342 567 2385 uuam
596 2320 784 2384 ceruicem
806 2317 978 2383 haberet!
1005 2339 1142 2401 cumque
1165 2314 1329 2380 Tetrinius

176 2431 260 2494 latro
293 2429 525 2512 postularetur,
563 2432 598 2491 et
631 2428 694 2510 qui
727 2427 985 2512 postularent,
1018 2423 1215 2488 Tetrinios
1249 2442 1329 2486 esre

134 2557 162 2594 ro
176 2537 230 2600 ait.
272 2535 382 2599 retiari
405 2535 542 2599 tunicati
560 2534 702 2617 quinque
720 2555 855 2597 numero
874 2532 1034 2618 gregatim
1054 2531 1241 2595 dimicantes
1262 2529 1330 2592 sine
1350 2554 1365 2601 3

177 2643 351 2708 certamine
373 2641 441 2705 ullo
464 2642 601 2706 totidem
625 2641 824 2705 secutoribus
853 2639 1103 2723 succubueraut3
1131 2659 1204 2702 cum
1228 2635 1331 2700 occidi

177 2751 377 2830 iuberentur,
404 2771 489 2812 unus
516 2753 679 2831 resumpta
699 2748 825 2812 fuscina
853 2768 963 2812 omnes
991 2746 1132 2811 uictores
1156 2742 1331 2809 interemit:

177 2859 260 2922 hanc
283 2859 320 2920 ut
348 2855 600 2920 crudelissimam
629 2854 757 2918 caedem
785 2859 817 2919 et
846 2853 977 2918 defleuit
1000 2853 1103 2917 edicto
1128 2855 1251 2932 steca,
1275 2852 1331 2932 qui

178 2968 323 3048 spectare
351 2962 586 3043 sustinuissent,
614 2966 779 3026 execratus
808 2964 865 3025 cst.
911 2961 1003 3042 queri
1031 2960 1128 3024 etiam
1157 2959 1263 3041 palam
1291 2954 1330 3018 de
1340 2962 1382 3028 31

137 3089 163 3129 aa
179 3071 366 3136 condicione
394 3073 575 3152 temporum
603 3090 734 3132 suorum
763 3068 901 3151 solebat,
930 3067 1015 3149 quod
1043 3066 1142 3130 nullis
1170 3063 1331 3129 calamita-

177 3178 265 3242 tibus
280 3175 420 3260 publicis
434 3175 678 3260 inrignirentur3
697 3174 838 3259 Augusti
853 3174 1070 3258 principatum
1085 3172 1174 3237 clade
1183 3170 1333 3251 Variana,

178 3283 288 3348 Tiberi
307 3283 399 3346 ruina
418 3281 673 3364 spectaculorum
692 3281 779 3365 apud
792 3279 928 3345 Fidenas
943 3277 1184 3343 memorabilem
1201 3277 1332 3356 factum,

179 3413 237 3455 suo
262 3390 460 3454 obliuionem
483 3389 650 3453 imminere
668 3387 881 3471 prosperitate
900 3408 1020 3471 rerum,
1044 3388 1140 3467 atque
1158 3382 1332 3446 identidem

180 3497 378 3561 exercituum
404 3496 523 3578 caedes,
545 3494 673 3578 famem,
696 3493 923 3577 pestilentiam,
945 3491 1104 3573 incendia,
1127 3491 1252 3554 hiatum
1277 3489 1334 3551 ali-

142 3622 166 3661 ιο
181 3625 276 3687 quem
301 3607 403 3666 terrae
428 3601 570 3685 optabat.

254 3811 286 3857 17
309 3805 383 3859 Oros.
399 3804 462 3857 VII
472 3808 525 3870 5,2
544 3803 603 3869 hic,
627 3804 659 3854 ut
682 3802 806 3855 breuiter
828 3800 1054 3870 magnitudinem
1078 3797 1253 3852 crudelitatis
1273 3798 1333 3850 eius

181 3901 358 3955 expromam,
382 3884 553 3937 exclamasse
576 3882 676 3935 fertur:
701 3881 809 3935 utinam
833 3881 954 3950 populus
974 3881 1116 3933 Romanus
1140 3895 1225 3932 unam
1245 3877 1332 3930 cerui-

182 3983 242 4019 cem
261 3966 386 4019 haberet.
460 3970 494 4016 24
513 3965 578 4017 ibid.
599 3978 683 4030 saepe
702 3962 788 4015 etiam
808 3962 842 4014 de
862 3961 1026 4015 condicione
1044 3964 1202 4029 temporum
1222 3973 1335 4010 suorum

182 4047 351 4115 conquestus
372 4047 422 4111 est,
441 4044 517 4114 quod
535 4042 620 4095 nullis
640 4042 851 4096 calamitatibus
869 4041 991 4110 publicis
1010 4040 1220 4110 insignirentur.

256 4248 269 4295 1
290 4241 420 4295 interemi
436 4244 473 4295 M
475 4241 552 4310 ¹11¹q
570 4241 615 4307 (cf.
631 4240 706 4292 Nero
721 4241 766 4306 37)
841 4243 854 4289 7
875 4236 928 4290 feri
944 4235 1079 4301 M'LPS,
1102 4235 1162 4288 fieri
1178 4237 1215 4288 M
1218 4235 1226 4264 ¹
1245 4240 1268 4288 ct
1287 4235 1333 4287 rel.

184 4323 275 4390 (etiem
293 4321 337 4389 N)
390 4327 421 4374 21
443 4321 650 4374 succubuerunt
668 4318 829 4386 cumqueG
880 4323 912 4369 22
932 4316 1015 4369 unius
1031 4315 1143 4369 MLPS
1191 4321 1224 4368 23
1245 4316 1273 4367 et
1288 4329 1334 4366 eos

184 4402 316 4456 edicth
369 4407 401 4454 27
417 4400 598 4454 memorabile
612 4402 689 4453 ΤΡΤ
742 4403 775 4451 28
794 4397 836 4450 sui
852 4398 962 4462 PSTN,
982 4397 1033 4450 sub
1049 4396 1089 4450 Lo
1144 4401 1176 4448 29
1197 4395 1337 4448 exercitus

186 4485 227 4547 M,
247 4481 372 4536 exercitu
393 4482 426 4546 G,
447 4480 616 4535 exercitibus
636 4479 752 4548 Bentley
