3136 5100
293 320 359 384 220
643 322 670 374 C.
692 322 849 376 SVETONI
867 320 1089 386 TRANQVILLI

293 484 448 548 uxoribus
468 484 557 549 tulit:
530 488 615 548 tex
630 484 835 569 Vrgulanilla
849 485 1043 548 Drusumet
1059 483 1237 568 Claudiam,
1253 505 1291 548 ex
1310 483 1395 547 Paet'
1372 487 1437 546 tma

294 590 361 653 Ant
348 591 484 676 toniam,
514 613 553 656 ex
576 591 750 655 Messalina
774 590 941 655 Octauiam
970 596 1001 654 et
1025 613 1121 675 quem
1149 591 1254 675 primo
1281 589 1436 654 Germani-

295 719 381 780 cum,
414 720 490 761 mox
518 698 741 761 Britannicum
775 698 1024 782 cognominauit.
1002 697 1215 762 tDrusum
1239 697 1437 781 †pompeium
1540 719 1541 734 ³

294 805 448 888 puberem
476 804 585 868 amisit
612 805 684 889 piro
712 827 769 888 per
796 805 936 868 lusum
928 827 962 868 111
986 805 1160 868 sublime
1151 808 1236 868 iacta
1236 808 1331 868 toet
1317 803 1437 867 thiatu

296 911 361 974 oris
393 915 525 995 excepto
557 912 808 996 strangulatum,
839 933 911 974 eum
942 911 972 974 ei
1002 917 1075 975 ante
1103 933 1223 995 paucos
1252 910 1321 974 dies
1345 910 1438 973 filiam
1463 933 1473 972 s
1540 927 1541 992 ι

297 1015 404 1082 Seiani
433 1018 664 1102 despondisset.
708 999 771 1101 quo
802 1018 906 1102 magis
937 1019 1038 1082 miror
1067 1017 1168 1081 fuisse
1197 1018 1251 1101 qui
1282 1017 1439 1080 traderent

295 1123 407 1187 fraude
435 1147 454 1187 a
478 1123 593 1188 Seiano
621 1128 778 1188 necatum.
826 1123 993 1188 Claudiam
1024 1147 1061 1188 ex
1093 1124 1210 1188 liberto
1241 1145 1299 1187 suo
1329 1123 1440 1188 Botere
1540 1173 1541 1192 ,

297 1234 497 1315 conceptam,
533 1231 681 1314 quamuis
713 1235 787 1294 ante
818 1230 967 1314 quintum
998 1252 1142 1294 mensem
1172 1230 1307 1294 diuortii
1339 1233 1441 1292 natam

297 1336 403 1420 alique
432 1341 592 1420 coeptam,
621 1337 737 1420 exponi
765 1340 874 1400 tamen
901 1336 941 1399 ad
970 1337 1081 1400 matris
1110 1338 1238 1399 ianuam
1267 1341 1298 1399 et
1327 1336 1440 1399 nudam

262 1443 392 1506 aiussit
421 1442 512 1506 abici.
559 1443 735 1508 Antoniam
760 1443 814 1507 Cn.
835 1443 989 1526 Pompeio
1019 1443 1153 1528 Magno,
1183 1443 1297 1506 deinde
1326 1442 1442 1506 Fausto
1456 1464 1476 1502 n
1540 1439 1541 1500 l

298 1547 415 1632 Sullae,
438 1549 651 1613 nobilissimis
675 1550 855 1633 iuuenibus,
879 1548 1045 1613 Octauiam
1064 1549 1189 1614 Neroni
1211 1549 1364 1634 priuigno
1388 1571 1442 1612 suo

299 1655 479 1738 collocauit,
505 1654 613 1719 Silano
639 1660 712 1719 ante
732 1656 931 1740 desponsam.
969 1656 1192 1719 Britannicum
1212 1656 1368 1720 uicesimo
1388 1657 1443 1718 im-

298 1763 379 1846 perii
403 1762 455 1826 die
478 1763 575 1846 inque
594 1763 733 1827 seeundo
753 1763 922 1828 consulatu
942 1766 1053 1826 natum
1076 1763 1139 1827 sibi
1158 1763 1329 1846 paruulum
1350 1762 1443 1826 etiam

298 1872 368 1932 tum
393 1874 424 1931 et
447 1869 546 1933 militi
569 1892 628 1953 pro
655 1870 804 1934 contione
827 1870 976 1933 manibus
999 1871 1065 1933 suis
1086 1873 1214 1954 gestans
1235 1875 1267 1932 et
1284 1869 1370 1953 plebi
1390 1890 1445 1952 per
1540 1891 1541 1934 ι

300 1977 481 2059 spectacula
505 1977 628 2060 gremio
653 1980 707 2039 aut
732 1980 805 2041 ante
830 1999 863 2040 se
886 1977 1029 2041 retinens
1053 1977 1189 2041 assidue.
1202 1976 1477 2040 commendabatn

298 2082 477 2166 faustisque
492 2083 698 2167 om<i>nibns
714 2105 786 2147 cum
807 2083 1055 2147 adclamantium
1072 2084 1169 2147 turba
1182 2083 1443 2167 prosequebatur.

300 2210 316 2251 e
339 2190 465 2272 generis
489 2189 653 2254 Neronem
677 2190 853 2273 adoptauit,
876 2189 1066 2273 Pompeium
1091 2194 1187 2274 atque
1211 2188 1357 2253 Silanum
1380 2211 1444 2252 non

298 2297 460 2358 recusauit
483 2297 588 2380 modo,
613 2297 668 2360 sed
692 2300 722 2359 et
747 2297 918 2360 interemit.

246 2397 290 2461 28
387 2401 593 2466 Libertorum
617 2403 787 2486 praecipue
811 2404 956 2486 suspexit
978 2402 1118 2467 Posiden
1141 2403 1329 2487 spadonem,
1353 2425 1444 2486 quem

300 2507 396 2569 etiarn
424 2509 612 2572 Britannico
641 2510 806 2592 triumpho
835 2510 918 2573 inter
946 2510 1103 2574 militares
1130 2511 1219 2574 uiros
1247 2510 1342 2573 hasta
1368 2529 1479 2593 puran

301 2613 446 2699 donauit,
469 2636 528 2678 nec
550 2615 657 2680 minus
681 2616 829 2701 Felicem,
854 2639 948 2701 quem
972 2617 1161 2682 cohortibus
1186 2621 1218 2680 et
1237 2616 1297 2680 alis
1316 2616 1444 2701 prouin-

374 2856 389 2903 3
418 2852 479 2904 Ent
468 2858 535 2920 trop
562 2854 624 2908 VII
641 2857 689 2922 13,
701 2857 717 2906 3
741 2853 837 2907 filio..
851 2871 921 2907 .suo
944 2853 1006 2906 Brit
994 2854 1102 2907 tannioi
1125 2870 1227 2906 nomen
1249 2854 1391 2923 imposuit.

303 2937 400 3000 19sqq.
417 2933 494 3000 Epit.
477 2937 536 2999 4
547 2939 564 2988 7
584 2950 616 2986 ex
636 2897 737 3002 quibus
757 2935 834 3004 (liber
836 2936 879 3002 tis)
900 2934 1021 2988 Felicem
1045 2933 1204 3003 legionibus
1227 2935 1349 2989 Iudaeae
1368 2951 1444 3004 prae-

300 3012 368 3066 fecit
356 3016 376 3066 t.
405 3013 533 3067 Possidio
554 3015 602 3082 (sie
620 3015 665 3068 nel
678 3013 852 3079 Possidonio,
867 3013 1025 3067 Possidioni
1039 3015 1125 3080 codd,
1140 3014 1289 3068 Posidonio
1305 3016 1444 3081 Landols'.)
1540 3045 1541 3070 ι

301 3093 428 3146 eunucho
447 3097 512 3162 post
526 3093 698 3162 triumphum
714 3094 907 3147 Britannicum
921 3095 995 3147 inter
1008 3094 1174 3148 militarium
1188 3095 1356 3149 fortissimos
1370 3111 1446 3148 arma
1540 3085 1541 3150 ι

300 3172 425 3242 insignia
444 3177 581 3242 tanquam
596 3173 730 3243 participi
749 3173 885 3228 uictoriae
906 3175 978 3227 dono
998 3175 1084 3228 dedit.
1113 3175 1199 3229 Sobel.
1215 3177 1279 3229 Inn.
1296 3180 1338 3241 14,
1347 3181 1380 3228 91
1400 3175 1445 3227 hio

301 3253 415 3306 Posides
435 3255 530 3322 spado,
550 3253 667 3307 libertus
683 3254 782 3308 Claudi
801 3255 988 3322 imperatoris,
1007 3258 1105 3309 tantae
1124 3255 1234 3324 gratiae
1254 3258 1282 3309 et
1301 3256 1445 3324 potentiae

301 3332 364 3398 fuit,
384 3337 416 3387 ut
431 3351 494 3388 aum
509 3333 642 3388 Claudius
657 3334 686 3386 in
701 3335 863 3398 Britannico
878 3335 1021 3403 triumpho
1036 3335 1110 3388 inter
1124 3335 1261 3388 militares
1276 3337 1351 3389 uiros
1365 3336 1445 3388 hasta

301 3430 372 3480 pura
391 3414 547 3480 donauerit,
567 3415 727 3467 cohortibus
747 3431 857 3482 quoque
877 3417 905 3467 et
925 3414 977 3468 alis
997 3415 1215 3484 prouinciaeque
1228 3415 1349 3469 Iudaeae
1368 3432 1444 3484 prae-

301 3493 439 3560 posuerit,
459 3493 560 3548 lectica
579 3511 629 3563 per
647 3495 744 3547 urbem
762 3495 896 3547 nectendi
916 3495 1133 3563 spectaculaque
1151 3495 1264 3564 publice
1284 3497 1385 3550 edendi
1404 3497 1444 3547 ius

302 3573 440 3626 tribuerit.
469 3573 573 3642 legitur
592 3575 622 3626 in
641 3574 780 3628 Suetonio.
804 3594 806 3598 ·

375 3810 389 3855 l
409 3803 574 3857 erculanilla
593 3805 681 3872 (herc-
696 3806 730 3871 L,
750 3822 809 3874 erg·
825 3806 885 3874 ST)
901 3809 926 3858 n
1008 3813 1023 3858 3
1043 3806 1172 3876 Pompeis
1191 3806 1363 3875 impuberem
1378 3808 1443 3874 Lip·

301 3885 372 3948 sins,
398 3884 600 3951 propemodum
622 3903 655 3952 p„
674 3885 803 3949 Ursinus,
831 3903 918 3953 prope
945 3887 1001 3938 iam
1027 3905 1053 3955 p.
1073 3888 1202 3956 Bentley,
1228 3905 1315 3955 prope
1341 3890 1400 3939 tum
1420 3903 1443 3953 p.

301 3964 435 4016 Baebeler
490 3969 588 4016 tcum
607 3964 633 4017 ei
647 3966 771 4032 Lipsius,
790 3966 835 4018 cui
855 3969 922 4018 een
980 3967 1059 4037 lex]
1074 3969 1106 4019 ut
1125 3967 1242 4020 Ursinus
1300 3966 1396 4020 botore
1413 3965 1444 4027 G,

303 4041 397 4095 Sotere
414 4043 558 4097 Reinesins
639 4045 784 4113 salimes
801 4048 843 4110 M,
868 4045 973 4113 aliique
989 4049 1021 4113 P,
1041 4045 1136 4113 aliquo
1153 4047 1199 4101 ΤΗ
1279 4053 1311 4098 12
1331 4047 1444 4114 despon-
1540 4043 1541 4112 ξ

304 4124 395 4174 satam
410 4123 526 4188 HRLT,
546 4124 580 4188 es.
596 4126 651 4177 Inl.
667 4130 681 4176 1
740 4132 771 4177 13
791 4126 875 4192 inque
895 4126 990 4194 (inquo
1006 4128 1072 4194 LP)
1093 4127 1215 4181 secundo
1235 4126 1381 4180 consulatu
1397 4125 1442 4179 del.

302 4202 475 4272 Nipperdey,
490 4210 553 4270 post
572 4203 626 4256 sibi
645 4207 757 4259 collocat
773 4206 896 4271 Clinton,
915 4205 944 4258 in
960 4205 990 4270 Q.
1007 4206 1127 4260 Secundi
1143 4206 1290 4260 consulatu
1304 4208 1443 4261 Lehmann

302 4281 361 4350 (Cn.
373 4282 522 4335 Saturnino
534 4282 565 4347 Q.
576 4283 703 4337 Secundo
718 4303 805 4338 conss.
823 4287 958 4354 Vahlen),
973 4288 1174 4341 distinctionem
1188 4290 1308 4342 melanii
1317 4287 1444 4340 Bitebeler

303 4363 347 4429 (es.
363 4365 465 4431 coenni.)
559 4371 590 4417 15
617 4367 666 4418 aut
690 4367 784 4420 onaG
875 4372 907 4418 16
934 4367 1062 4420 omnibns
1085 4368 1204 4436 (omibus
1226 4369 1266 4437 P)
1282 4370 1320 4433 Ω,
1344 4379 1443 4421 eorus

302 4443 371 4510 (edd.
392 4444 495 4512 princ.)
570 4451 601 4497 19
621 4444 752 4513 possiden
769 4446 825 4500 MS
896 4452 927 4497 21
949 4448 978 4498 et
997 4446 1062 4518 alis]
1081 4447 1159 4501 italis
1177 4448 1202 4502 G
