3108 5102
267 375 333 439 296
616 375 644 431 C.
665 375 821 430 SVETONI
839 376 1063 442 TRANQVILLI

267 543 468 623 tractumque
496 539 660 604 socculum
689 539 836 604 dextrum
860 539 944 603 inter
967 543 1076 626 togam
1099 541 1290 625 tunicasque
1314 547 1418 626 gesta-

267 645 316 710 uit
339 644 474 729 assidue,
501 645 742 729 nonnumquam
771 646 1016 712 osculabundus.
1062 646 1207 712 Narcissi
1231 669 1361 732 quoque
1386 653 1418 712 et

267 752 423 818 Pallantis
442 753 599 839 imagines
618 773 730 816 aureas
749 753 832 817 inter
849 752 947 818 Lares
966 755 1075 819 coluit.
1108 754 1204 818 huius
1225 759 1258 819 et
1276 755 1334 818 illa
1351 777 1418 819 uox

268 864 330 924 est:
366 879 478 943 saepe
515 859 650 944 facias,
692 881 765 923 cum
803 860 981 926 saeculares
1014 861 1106 925 ludos
1145 861 1252 926 edenti
1283 860 1417 926 Claudio

233 966 495 1053 3gratularetur.
537 966 672 1030 decessit
694 967 835 1051 paralysi
859 967 960 1031 altero
985 966 1035 1031 die
1054 990 1150 1052 quam
1171 972 1338 1052 correptus
1357 973 1416 1050 est,
1444 994 1456 1033 s

268 1073 393 1137 duobus
417 1073 492 1137 filiis
517 1073 757 1156 superstitibus,
786 1095 866 1157 quos
891 1095 930 1138 ex
954 1072 1084 1138 Sestilia
1106 1074 1337 1159 probatissima
1358 1096 1417 1138 nec

268 1179 405 1266 ignobili
424 1180 545 1244 femina
563 1180 666 1245 editos
691 1181 837 1244 eonsules
860 1179 953 1263 uidit,
972 1181 1152 1264 etquidem
1172 1182 1283 1246 eodem
1303 1181 1417 1270 ambos

268 1290 402 1370 totoque
425 1309 518 1371 anno,
548 1308 619 1352 cum
648 1286 763 1351 maiori
786 1287 893 1352 minor
916 1288 950 1350 in
974 1309 1030 1351 sex
1053 1310 1180 1352 menses
1204 1289 1417 1352 successisset.

269 1394 455 1458 defunctum
479 1397 608 1457 senatus
631 1393 762 1476 publico
786 1394 896 1458 funere
919 1393 1102 1472 honorauit,
1126 1396 1203 1458 item
1227 1398 1335 1458 statua
1357 1416 1417 1478 pro

268 1502 382 1564 rostris
406 1522 479 1564 cum
497 1499 557 1563 hac
576 1500 798 1583 inscriptione:
822 1518 984 1565 rrsrarrs
1004 1517 1188 1566 muosrms
1208 1517 1301 1566 unas
1320 1519 1417 1564 rurs·
1431 1527 1458 1566 n

271 1624 385 1672 cirum.

234 1719 250 1766 2
358 1713 395 1777 Α.
421 1713 571 1778 Vitellius
590 1713 625 1779 L.
649 1713 734 1778 lilius
758 1715 934 1798 imperator
957 1719 1053 1777 natus
1072 1718 1122 1778 est
1140 1713 1228 1778 Vm.
1247 1713 1319 1778 Kal.
1340 1713 1419 1796 Oct,

110 1859 113 1867 =
163 1842 261 1891 areae.
272 1822 324 1885 uel
346 1825 383 1886 ut
406 1819 535 1905 quidam
558 1818 630 1884 VH.
654 1819 700 1884 Id.
724 1819 820 1904 Sept,
843 1819 949 1892 Druso
975 1820 1110 1884 (laesere
1128 1820 1283 1886 Norbano
1303 1819 1420 1885 Flacco

269 1949 355 1992 cous.
379 1928 560 2013 genituram
584 1927 651 1992 eius
674 1927 872 2011 praedictam
896 1949 915 1990 a
938 1926 1176 1992 mathematicis
1200 1929 1246 1993 ita
1268 1932 1419 2012 parentes

269 2035 514 2118 exhorruerunt,
542 2038 578 2098 ut
606 2038 698 2118 pater
725 2056 843 2120 magno
867 2055 963 2116 opere
987 2055 1112 2118 semper
1135 2034 1349 2118 contenderit,
1379 2056 1419 2098 ne
1434 2059 1459 2100 15

270 2165 334 2225 qua
357 2143 387 2205 ei
409 2140 575 2225 prouincia
598 2141 675 2204 uiuo
700 2163 733 2205 se
757 2141 1021 2223 committeretur,
1044 2144 1147 2204 mater
1170 2145 1203 2204 et
1225 2142 1360 2205 missum
1381 2140 1422 2205 ad

268 2251 413 2335 legiones
444 2251 476 2311 et
505 2248 702 2332 appellatum
732 2247 959 2331 imperatorem
995 2269 1054 2331 pro
1086 2248 1207 2312 afflicto
1239 2247 1349 2312 statim
1377 2248 1421 2311 la-

221 2367 224 2372 ’
270 2359 414 2420 mentata
433 2355 483 2418 sit.
525 2356 696 2439 pueritiam
715 2355 915 2438 primamque
935 2353 1183 2418 adulescentiam
1203 2353 1333 2438 Capreis
1353 2355 1421 2439 egit

270 2463 354 2526 inter
377 2461 548 2525 Tiberiana
576 2465 694 2542 scorta,
723 2462 846 2544 etipse
870 2464 1025 2544 perpetuo
1050 2460 1279 2545 spint[he]riae
1303 2482 1421 2545 cogno·
1538 2461 1539 2527 l

272 2571 358 2633 mine
380 2567 511 2633 notatus
535 2568 802 2651 existimatusque
826 2567 968 2650 corporis
992 2568 1096 2652 gratia
1119 2567 1247 2631 initium
1273 2572 1306 2631 et
1324 2589 1463 2633 causare

236 2677 542 2744 dinorementorum
570 2677 655 2758 patri
678 2675 791 2759 fuisse3
820 2675 966 2757 sequenti
991 2696 1118 2758 quoque
1142 2679 1245 2739 aetate
1270 2674 1421 2738 omnibus
1537 2669 1538 2756 l

271 2782 398 2866 probris
423 2783 667 2865 contaminatus,
689 2783 897 2865 praecipuum
922 2783 956 2844 in
979 2781 1052 2844 aula
1075 2783 1181 2846 locum
1200 2781 1315 2863 tenuit,
1339 2780 1421 2845 Gaio

272 2912 328 2973 per
351 2889 527 2974 aurigandi,
559 2888 692 2952 Claudio
723 2910 779 2971 per
807 2888 893 2951 aleae
918 2887 1059 2951 studium
1083 2887 1263 2966 familiaris,
1288 2888 1343 2952 sed
1365 2889 1422 2952 ali-

272 3001 393 3081 quanto
417 2995 539 3059 Neroni
569 2996 739 3079 acceptior,
766 3016 839 3059 cum
869 2980 1002 3078 propter
1033 2995 1142 3058 eadem
1165 2993 1252 3077 baec,
1275 2999 1345 3058 tum
1368 3016 1422 3077 pe-

271 3104 385 3169 culiari
408 3104 532 3186 merito,
557 3103 643 3185 quod
666 3102 851 3185 praesidens
875 3101 1042 3164 certamini
1065 3101 1213 3165 Neroneo
1238 3102 1421 3184 cupientem
1438 3129 1464 3167 ss

271 3213 356 3275 inter
379 3209 579 3274 citharoedos
599 3209 790 3274 contendere
809 3230 866 3272 nec
887 3209 1034 3291 quamuis
1052 3208 1276 3294 flagitantibus
1296 3208 1422 3273 cunctis

271 3319 460 3402 promittere
488 3315 656 3379 audentem
689 3315 825 3398 ideoque
854 3337 1015 3400 egressum
1044 3314 1170 3378 theatro
1205 3319 1423 3397 reuocauerat,

273 3425 365 3507 quasi
393 3424 626 3508 perseuerantis
655 3423 769 3505 populi
795 3421 956 3506 legatione
980 3424 1136 3504 suscepta,
1160 3421 1423 3505 exorandumque

271 3531 470 3614 praebuerat.

238 3639 259 3704 5
363 3636 475 3700 Trium
494 3636 603 3720 itaque
621 3636 804 3720 principum
823 3634 1022 3719 indulgentia
1039 3657 1105 3698 non
1124 3634 1230 3699 solum
1243 3634 1423 3699 honoribus
1437 3662 1465 3703 so

272 3767 385 3808 uerum
409 3747 441 3807 et
464 3741 651 3806 sacerdotiis
674 3742 880 3826 amplissimis
904 3745 1026 3823 auctus,
1050 3741 1313 3826 proconsulatum
1335 3740 1422 3805 Afri-

273 3873 327 3916 cae
351 3850 527 3935 posthaec
551 3871 723 3933 curamque
748 3871 880 3933 operum
903 3849 1108 3932 publicorum
1132 3847 1371 3913 administrauit
1389 3854 1423 3914 et

314 4043 409 4098 'bes
430 4047 467 4099 M
572 4041 720 4096 dsextilia
739 4042 849 4108 POST,
868 4048 893 4096 et
910 4042 949 4095 sic
968 4041 1204 4112 0011111Το0111.
1224 4041 1423 4096 1101111110

274 4132 289 4179 ‘l
309 4125 383 4179 ditos
400 4127 443 4190 Μ,
466 4123 542 4178 edito
560 4123 595 4190 R,
620 4122 726 4177 edictos
747 4125 778 4176 11
884 4126 916 4174 12
935 4120 1087 4175 Auitellius
1103 4120 1213 4187 ML¹P‚
1235 4120 1273 4174 At
1295 4120 1421 4175 uitellius

274 4206 388 4262 L⁸OST
404 4207 577 4274 (praenomen
593 4205 775 4273 perscriptum
793 4203 825 4256 ia
845 4202 1081 4272 1100111111)
1155 4207 1186 4253 11
1207 4201 1305 4254 statim
1322 4218 1372 4256 0111.
1391 4204 1422 4268 Τ,
1533 4249 1534 4273 p

274 4292 337 4340 cate
355 4302 406 4354 pro
424 4285 503 4338 babet
521 4286 546 4338 Τ
629 4288 661 4336 18
681 4281 783 4353 capitis
801 4285 826 4335 Y
915 4287 948 4335 19
966 4281 996 4334 in
1015 4283 1150 4351 perpetuo
1170 4285 1200 4334 X
1214 4280 1295 4350 (imp
1310 4281 1349 4346 P)

274 4365 428 4435 sphinterie
443 4367 479 4431 H,
499 4364 633 4434 spinterie
647 4364 696 4419 ST
764 4369 798 4416 22
813 4369 876 4431 poet
890 4362 1097 4418 contaminatus
1108 4368 1243 4430 0110011111
1253 4363 1336 4431 ponit
1350 4361 1422 4434 11011

275 4451 309 4499 24
337 4444 412 4514 eum]
431 4446 492 4498 tum
510 4446 563 4498 TN
580 4451 606 4498 et
619 4461 673 4513 pro
691 4460 717 4496 a.
739 4445 756 4496 1.
776 4460 810 4497 ss.
826 4442 859 4496 θ’
931 4449 963 4495 21
993 4442 1167 4513 promittere]
1186 4440 1300 4511 prodire
1319 4441 1424 4496 Becher

276 4530 310 4577 28
329 4522 553 4590 exorabilemque
569 4523 685 4590 Bentley
757 4527 788 4574 31
807 4521 978 4588 sacerdotib3
1001 4523 1026 4578 G
