3142 5112
242 373 286 448 36
596 383 624 438 o.
645 382 803 437 suenoni
821 382 1043 447 annuorum

191 547 237 612 69
336 546 532 612 Seditionem
560 568 618 630 per
647 546 754 610 decem
783 567 883 611 annos
911 543 1041 610 Gallicis
1066 545 1159 608 bellis
1182 545 1314 626 nullam·
1329 566 1398 607 om-

245 655 323 718 nino
347 659 526 738 mouerunt,
551 653 700 717 ciuilibus
725 653 857 735 aliquas,
882 652 936 716 sed
959 656 995 714 ut
1020 651 1166 716 celeriter
1188 650 1228 715 ad
1252 652 1397 716 officium

245 761 412 844 redierint,
439 769 499 824 nec
527 765 593 824 tam
622 759 823 844 indulgentia
851 758 940 822 ducis
968 781 1065 841 quam
1089 759 1288 822 auctoritate.
1330 780 1398 822 non

246 869 331 932 enim
351 867 446 932 cessit
464 889 617 950 umquam
640 865 913 929 tumultuantibus
933 869 1030 947 atque
1050 866 1146 928 etiam
1167 865 1295 929 obuiam
1315 887 1399 928 sern-

245 998 304 1058 per
326 975 378 1059 iit3
406 979 438 1037 et
460 997 579 1038 nonam
609 972 737 1056 quidem
766 972 927 1055 legionem
951 971 1035 1055 apud
1059 971 1271 1054 Placentiam,
1298 994 1398 1054 quan·
1432 996 1446 1034 a

245 1103 342 1165 quarn
366 1083 401 1144 in
424 1081 520 1144 armis
538 1079 649 1162 adhuc
671 1078 846 1162 Pompeius
870 1083 967 1161 esset,
995 1083 1096 1143 totam
1122 1099 1195 1143 cum
1218 1078 1399 1161 ignominia

245 1187 376 1252 missam
404 1188 481 1251 fecit
509 1207 666 1272 aegreque
694 1190 770 1270 post
796 1187 922 1270 multas
944 1188 975 1249 et
1004 1185 1159 1269 supplicis
1187 1206 1310 1268 preces,
1339 1207 1399 1248 nec

195 1292 309 1360 tenisi
341 1298 453 1358 exacta
484 1294 523 1356 de
556 1293 701 1357 sontibus
732 1314 849 1376 poena,
881 1293 1036 1376 restituit3
1074 1291 1257 1354 decimanos
1290 1296 1398 1355 autem

245 1401 367 1466 Romae
392 1423 464 1464 cum
488 1399 675 1483 ingentibus
699 1399 795 1462 minis
817 1421 1007 1482 summoque
1027 1399 1123 1462 etiam
1142 1397 1232 1461 urbis
1252 1398 1397 1479 periculo

246 1507 432 1570 missionem
452 1511 483 1570 et
503 1508 644 1590 praemia
663 1506 854 1591 flagitantes,
874 1505 1005 1569 ardente
1024 1510 1100 1569 tunc
1120 1506 1153 1568 in
1172 1503 1283 1568 Africa
1303 1503 1445 1588 belle,1o

246 1636 349 1697 neque
382 1613 468 1677 adire
501 1617 668 1678 cunctatus
701 1616 763 1695 est,
799 1635 981 1695 quanquam
1013 1611 1246 1675 deterrentibus
1277 1611 1397 1693 amicis,

246 1742 349 1802 neque
373 1719 547 1804 dimittere,
572 1719 626 1783 sed
649 1743 713 1783 una
731 1741 819 1802 uoce,
844 1741 907 1801 qua
927 1717 1066 1794 Quirites
1086 1740 1140 1781 eos
1159 1740 1218 1802 pro
1238 1717 1397 1781 militibus

246 1827 437 1911 appellarat,
465 1831 530 1890 tam
560 1825 653 1891 facile
678 1826 866 1910 circumegit
889 1830 921 1888 et
944 1826 1047 1908 flexit,
1074 1829 1110 1889 ut
1134 1826 1162 1888 ei
1186 1825 1305 1888 milites
1330 1846 1398 1888 esse

246 1934 414 1998 confestim
439 1933 663 2017 responderint
691 1936 723 1995 et
747 1932 894 2016 quamuis
922 1937 1122 1996 recusantem
1145 1933 1231 1995 ultro
1256 1932 1290 1994 in
1313 1929 1398 1994 Afri-

247 2064 316 2105 cam
346 2041 411 2106 sint
442 2041 556 2126 secuti,
586 2061 621 2103 ac
651 2041 696 2103 sic
725 2061 853 2121 quoque
880 2039 1162 2103 seditiosissimum
1183 2060 1342 2121 quemque
1366 2042 1398 2101 et
1417 2061 1444 2100 15

246 2148 381 2231 praedae
405 2151 436 2211 et
461 2149 529 2232 agri
554 2147 706 2210 destinati
729 2147 825 2209 tertia
848 2150 938 2228 parte
961 2146 1120 2208 multauit.

195 2251 236 2315 71
291 2264 293 2268 '
339 2253 488 2318 Studium
504 2258 536 2317 et
550 2254 628 2316 fides
645 2275 720 2336 erga
739 2253 864 2316 clientis
884 2275 923 2315 ne
943 2252 1051 2330 iuueni
1071 2251 1199 2334 quidem
1220 2251 1398 2314 defuerunt.

246 2361 443 2425 Masintham
472 2360 614 2424 nobilem
643 2360 806 2431 iuuenem,
835 2382 908 2424 cunr
932 2358 1083 2422 aduersus
1107 2357 1328 2441 Hiempsalem
1351 2379 1398 2420 re-

246 2489 320 2553 gem
337 2472 410 2530 tam
434 2467 527 2530 enixe
546 2465 749 2548 defendisset,
773 2469 809 2528 ut
828 2464 927 2528 lubae
946 2466 1031 2550 regis
1050 2464 1117 2527 filio
1138 2465 1172 2527 in
1191 2465 1398 2527 altercatione

247 2573 381 2638 barbam
404 2573 572 2655 inusserit,
601 2573 845 2656 stipendiarium
869 2593 996 2654 quoque
1020 2571 1264 2654 pronuntiatum
1290 2575 1320 2634 et
1344 2570 1398 2633 ab·
1416 2594 1446 2631 20
1496 2619 1499 2626 .

248 2681 467 2744 strabentibus
493 2679 603 2743 statim
627 2678 744 2761 cripuit
770 2678 1010 2760 occultauitque
1032 2677 1116 2761 apud
1141 2699 1175 2740 se
1198 2676 1253 2740 diu
1273 2680 1304 2740 et
1322 2699 1399 2740 mox
1464 2749 1467 2756 ¹

248 2811 287 2852 ex
310 2790 460 2870 praetura
483 2787 689 2870 proficiscens
713 2785 748 2848 in
766 2785 956 2868 Hispaniam
979 2784 1064 2847 inter
1082 2784 1188 2848 officia
1206 2805 1398 2868 prosequen-

248 2896 328 2958 tium
353 2894 517 2976 fascesque
540 2893 692 2956 lictorum
716 2892 828 2956 lectica
851 2914 908 2954 sua
932 2891 1048 2954 auexit.

196 2995 239 3060 72
341 3001 473 3064 Amicos
500 3004 591 3063 tanta
620 3021 743 3082 semper
770 3000 925 3063 facilitate
953 2997 1215 3082 indulgentiaque
1238 2997 1400 3079 tractauit,

249 3112 286 3170 ut
317 3106 395 3171 Gaio
427 3106 532 3190 Oppio
564 3106 732 3170 comitanti
767 3127 800 3167 se
829 3127 887 3188 per
918 3105 1065 3168 siluestre
1095 3104 1157 3166 iter
1187 3106 1400 3186 correptoque
1419 3125 1449 3165 aa

248 3214 356 3278 subita
383 3214 561 3276 ualitudine
590 3211 890 3295 deuersoriololcol,
920 3212 1006 3294 quod
1034 3234 1133 3275 unum
1158 3213 1240 3294 erat,
1269 3209 1402 3273 cesserit

249 3325 280 3384 et
305 3321 373 3403 ipse
396 3320 487 3382 humi
512 3341 548 3382 ac
572 3301 632 3460 elib
653 3319 727 3382 diuo
747 3318 902 3382 cubuerit.
941 3319 1004 3381 iam
1028 3322 1135 3380 autern
1159 3339 1266 3380 rerum
1286 3320 1401 3399 potens

320 3494 335 3540 5
355 3488 388 3552 cf.
405 3487 490 3540 Sebol.
503 3486 612 3539 Lucan.
626 3487 652 3539 V
663 3490 717 3537 310
732 3485 886 3536 secundum
900 3484 950 3537 iul.
963 3483 1073 3537 Celsum
1087 3483 1144 3536 ista
1158 3482 1261 3536 seditio
1276 3481 1403 3536 nonfuit

248 3566 401 3634 generalis,
427 3567 475 3620 sed
495 3569 606 3618 tantum
626 3565 656 3617 in
674 3582 748 3617 nona
767 3564 892 3632 legione,
916 3563 984 3630 quia
1003 3563 1026 3616 si
1045 3563 1148 3616 fuisset
1167 3560 1320 3631 generalis,
1343 3579 1402 3615 non

249 3647 288 3698 sic
311 3646 414 3698 fuisset
432 3665 498 3698 usus
519 3645 647 3698 audacia.
677 3647 705 3697 et
724 3644 778 3697 fuit
798 3643 973 3708 Placentiae,
993 3643 1043 3696 nbi
1068 3643 1231 3696 conuocatis
1250 3642 1346 3695 multis
1368 3659 1402 3695 cx

249 3726 313 3779 aliis
328 3727 366 3778 XI
385 3725 553 3794 legionibus,
573 3743 643 3792 quas
663 3741 756 3777 secum
772 3724 955 3790 conducebat,
971 3723 1040 3776 fecit
1055 3741 1088 3776 ex
1103 3722 1245 3790 aliquibus
1261 3721 1403 3775 iustitiam

249 3809 278 3859 et
298 3805 410 3858 sedauit
432 3805 584 3858 tumultum
603 3805 691 3858 illum.

321 3949 514 4001 3redircnt·X
570 3949 674 4000 desset
689 3947 834 4015 pompeius
846 3951 874 3998 X
930 3946 1070 3998 Domitius
1081 3945 1280 4000 camena·
1324 3949 1357 3996 10
1372 3945 1404 3997 in

250 4029 299 4082 det
310 4031 406 4082 Burni.
478 4033 508 4080 11
526 4027 733 4081 detorrentibus
744 4029 786 4091 M,
806 4028 868 4079 inde
882 4026 1096 4079 dehortantibus
1107 4027 1223 4094 Bentley
1292 4030 1324 4076 12
1340 4025 1404 4095 sed]

251 4111 278 4160 et
291 4111 405 4178 Bentley
458 4114 489 4160 13
506 4125 564 4160 esse
577 4125 604 4160 se
616 4127 641 4173 ς,
657 4125 685 4160 se
698 4124 757 4160 esse
766 4109 882 4176 Bentley
935 4112 965 4158 17
982 4107 1028 4176 ne]
1043 4105 1109 4158 neni
1119 4109 1155 4160 Μ
1168 4107 1242 4174 (inde
1256 4104 1285 4157 in
1300 4104 1405 4158 iuuene

252 4191 385 4256 Bentley),
404 4189 526 4240 necPO
600 4194 632 4240 18
652 4187 834 4240 masinthiam
850 4190 945 4254 (mess-
958 4187 989 4256 0)
1001 4191 1029 4238 X
1096 4186 1228 4239 iuuenem
1242 4184 1406 4239 nobilemG

252 4275 283 4322 19
304 4268 404 4321 obnixe
420 4269 445 4321 G
524 4275 557 4320 ‘20
577 4268 781 4336 stipendiarum
795 4268 880 4332 MV1,
900 4267 1030 4336 -diumy
1109 4273 1141 4318 ‘22
1161 4265 1338 4335 praefectura
1355 4266 1406 4324 Ge

251 4354 284 4399 26
301 4348 487 4402 deuersoriolo
500 4350 626 4414 Coeant,
646 4348 805 4401 deuersorio
820 4347 882 4399 loco
894 4351 918 4399 a
935 4347 986 4415 (di—
1002 4347 1077 4400 codd.
1090 4355 1200 4414 praeter
1211 4347 1254 4412 M,
1273 4346 1302 4398 in
1317 4345 1359 4397 di·
1374 4349 1405 4412 Τ,

251 4429 362 4480 diuerso
378 4429 435 4496 N),
462 4428 649 4481 deuersoriolo
669 4445 701 4480 eo
722 4430 881 4481 Politinnns
901 4428 1069 4496 (Heinsius),
1094 4427 1253 4480 deuersorio
1273 4425 1406 4480 cubiculo

254 4510 387 4562 Graecias
461 4514 493 4560 27
516 4511 543 4561 et
563 4510 611 4562 elei.
628 4510 743 4576 Bentley
817 4506 980 4561 accubuerit
999 4511 1022 4560 Τ
1039 4510 1114 4578 (inq)
1130 4508 1269 4575 praecedit
1288 4506 1346 4574 din)
