3098 5110
242 329 263 392 4
594 328 622 383 C.
643 327 799 383 SVETONI
817 327 1041 394 TRANQVILLI

242 491 350 556 milia
374 495 431 556 est
454 495 596 555 nostra.
638 495 697 556 est
720 513 811 577 ergo
835 492 874 556 in
897 513 1034 576 genere
1058 496 1096 555 et
1124 492 1313 556 sanctitas
1336 514 1397 556 re-

242 621 343 684 gum,
372 597 438 682 qui
461 598 668 681 plurimum
692 598 798 663 inter
821 598 994 662 homines
1022 597 1188 682 pollent,
1216 602 1253 662 et
1275 600 1397 663 caeri-

241 707 368 770 monia
392 705 559 788 deorum,
588 727 747 788 quorum
771 706 848 788 ipsi
876 705 915 770 in
935 708 1133 788 potestate
1162 708 1251 768 sunt
1274 726 1395 790 reges.

207 827 221 874 2
330 811 369 876 ln
393 811 558 878 Corneliae
582 816 689 875 autem
712 812 821 877 locum
844 811 1032 895 Pompeiam
1056 810 1148 874 duxit
1168 809 1281 886 Quinti
1299 812 1397 876 Pom-

242 920 295 1002 pei
317 919 428 1000 filiam,
451 917 486 982 L.
507 916 615 982 Sullae
638 922 781 1002 neptem,
804 938 877 981 cum
901 939 964 1000 qua
985 917 1099 982 deinde
1118 917 1293 982 diuortium
1317 917 1397 983 fecit
1426 943 1443 983 a

242 1025 453 1092 adulteratam
483 1025 633 1108 opinatus
662 1047 680 1086 a
707 1023 824 1089 Publio
853 1023 980 1107 Clodio,
1011 1045 1106 1107 quem
1135 1025 1219 1088 inter
1247 1023 1395 1107 publicas

242 1132 450 1198 caerimonias
479 1135 663 1215 penetrasse
691 1129 731 1194 ad
759 1152 828 1194 eam
856 1129 1006 1194 muliebri
1029 1135 1118 1196 ueste
1145 1135 1213 1194 tam
1242 1134 1395 1196 constans

241 1240 326 1303 fama
354 1242 436 1323 erat,
463 1243 499 1302 ut
528 1241 656 1302 senatus
686 1239 905 1321 quaestionem
933 1238 972 1301 de
1000 1237 1134 1322 pollutis
1163 1238 1261 1304 sacris
1290 1239 1395 1304 decre·

241 1347 337 1410 uerit.

206 1449 225 1514 7
332 1451 500 1528 Quaestori
530 1450 664 1515 ulterior
693 1449 850 1532 Hispania
878 1450 1023 1534 obuenit3
1054 1449 1110 1514 ubi
1139 1473 1211 1514 cum
1239 1451 1395 1516 mandatu
1410 1475 1441 1516 m

241 1555 429 1644 pr(aetoris)
444 1558 513 1621 iure
527 1557 666 1623 dicundo
682 1561 859 1622 conuentus
874 1558 1055 1622 circumiret
1067 1555 1228 1641 Gadisque
1243 1559 1395 1642 uenisset,

242 1664 463 1729 animaduersa
482 1664 567 1747 apud
581 1662 730 1727 Herculis
750 1663 907 1745 templum
926 1662 1037 1747 Magni
1056 1664 1233 1729 Alexandri
1253 1666 1395 1750 imagine

242 1770 401 1857 ingemuit
424 1774 456 1834 et
479 1771 571 1852 quasi
599 1773 764 1854 pertaesus
788 1770 951 1856 ignauiam
976 1792 1079 1854 suam,
1104 1771 1189 1854 quod
1212 1771 1294 1838 nihil
1317 1770 1395 1836 dum

243 1899 318 1941 ase
341 1874 550 1940 memorabile
578 1880 684 1941 actum
714 1880 796 1940 esset
823 1877 858 1940 in
885 1881 1002 1959 aetate,
1033 1899 1097 1960 qua
1123 1877 1187 1942 iam
1210 1877 1395 1944 Alexander

243 1984 353 2048 orbem
382 1987 539 2048 terrarum
570 1983 761 2067 subegisset,
797 1984 981 2047 missionem
1015 1985 1168 2048 continuo
1201 1984 1394 2070 efflagitauit
1409 2007 1438 2048 ro

242 2091 282 2156 ad
313 2088 485 2172 captandas
516 2112 613 2173 quam
644 2091 784 2172 primum
815 2089 973 2181 maiorum
1009 2112 1115 2153 rerum
1145 2092 1329 2156 occasiones
1359 2092 1394 2155 in

206 2197 329 2262 turbe.
374 2198 471 2261 etiam
496 2197 665 2261 confusum
689 2219 761 2260 eum
786 2192 912 2260 somnio
936 2191 1101 2279 proximae
1124 2198 1228 2262 noctis
1251 2235 1294 2244 -
1318 2220 1392 2262 nam

241 2303 331 2368 uisus
356 2307 425 2366 erat
448 2323 506 2384 per
529 2303 670 2385 quietem
694 2307 841 2385 stuprum
865 2303 961 2366 matri
986 2303 1132 2368 intulisse
1156 2341 1198 2352 »-
1218 2305 1393 2369 coiectores

242 2410 283 2474 ad
310 2410 539 2492 amplissimam
570 2431 658 2492 spem
688 2410 905 2473 incitauerunt
931 2409 1101 2474 arbitrium
1124 2413 1280 2474 terrarum
1305 2411 1393 2475 orbis

241 2517 391 2601 portendi
419 2516 678 2599 interpretantes,
708 2516 835 2600 quando
863 2520 979 2600 mater,
1008 2538 1102 2600 quam
1132 2516 1307 2580 subiectam
1331 2518 1393 2582 sibi
1407 2539 1436 2580 ro
1544 2499 1545 2502 Ἴ

242 2623 385 2705 uidisset,
408 2645 474 2688 non
497 2624 560 2688 alia
583 2626 666 2688 esset
690 2646 786 2707 quam
810 2627 905 2709 terra,
928 2647 1009 2707 quae
1033 2625 1175 2690 omnium
1200 2645 1316 2707 parens
1339 2623 1393 2688 ha·
1543 2599 1544 2619 i

206 2725 380 2793 8beretur.
423 2731 576 2794 decedens
605 2751 682 2815 ergo
707 2734 780 2794 ante
808 2735 935 2813 tempus
959 2731 1101 2796 colonias
1124 2730 1255 2794 Latinas
1279 2730 1317 2794 de
1341 2752 1392 2813 pe·

242 2835 339 2902 tenda
366 2837 497 2900 ciuitate
525 2838 683 2922 agitantes
712 2837 804 2919 adiit,
832 2841 865 2900 et
893 2837 933 2900 ad
960 2838 1142 2902 audendum
1170 2837 1293 2920 aliquid
1319 2859 1393 2902 con-

243 2943 385 3026 citasset,
415 2943 479 3006 nisi
508 2945 654 3007 consules
683 2945 879 3026 conscriptas
908 2944 942 3007 in
971 2943 1114 3009 Ciliciam
1145 2945 1289 3029 legiones
1316 2966 1393 3029 pau-

242 3050 342 3133 lisper
365 3049 406 3114 ob
431 3048 464 3113 id
488 3051 594 3134 ipsum
617 3050 834 3116 retinuissent.
1405 3071 1432 3112 sc

205 3151 228 3216 9
332 3155 400 3220 Nec
424 3178 461 3220 eo
481 3157 580 3220 setius
599 3158 721 3221 maiora
739 3177 815 3220 mox
834 3158 868 3221 in
894 3158 972 3222 urbe
992 3157 1124 3222 molitus
1149 3161 1210 3221 est:
1235 3157 1392 3242 siquidem

243 3267 316 3326 ante
334 3283 454 3346 paucos
473 3262 656 3346 dies‘quam
675 3263 870 3328 aedilitatem
889 3264 994 3346 iniret,
1017 3265 1107 3328 uenit
1125 3265 1158 3328 in
1179 3265 1392 3348 suspicionem

243 3369 441 3452 conspirasse
470 3391 542 3432 oum
570 3369 680 3433 Marco
710 3368 824 3434 Crasso
855 3369 1029 3453 consulari,
1057 3371 1134 3434 item
1161 3369 1278 3434 Publio
1303 3369 1391 3434 Sulla

244 3481 275 3540 et
289 3475 324 3540 L.
339 3475 497 3540 Autronio
517 3480 592 3560 port
611 3475 866 3562 designationem
886 3476 1071 3542 consulatus
1091 3477 1230 3542 ambitus
1245 3476 1390 3542 condem·

243 3583 343 3665 uatis,
375 3586 411 3645 ut
443 3581 603 3665 principio
637 3584 712 3646 anni
744 3588 889 3648 senatum
923 3584 1137 3662 adorirentur,
1166 3588 1197 3648 et
1225 3583 1389 3648 trucidatis
1404 3603 1432 3646 so

244 3711 324 3773 quos
352 3688 509 3772 placitum
538 3693 633 3772 esset,
661 3688 853 3754 dictaturam
882 3689 1013 3756 Crassus
1044 3690 1224 3774 inuaderet,
1256 3691 1324 3773 ipse
1351 3688 1389 3752 ab

316 3943 330 3989 ‘l
350 3936 380 3988 in
394 3941 459 4006 post
476 3951 539 3989 eam
555 3938 598 4004 (aa
616 3937 651 4005 T)
667 3936 731 3990 add.
747 3936 837 3989 POT
849 3936 941 4006 (Oad.)
1016 3940 1049 3990 10
1068 3937 1199 4005 prouenit
1215 3937 1240 3991 G
1313 3951 1388 3989 man-

245 4052 311 4105 aa
332 4050 433 4106 rvr
453 4058 477 4105 o
502 4053 618 4110 aaziae
701 4056 732 4104 11
753 4071 806 4104 aa.
827 4052 1003 4122 nuper,
1031 4015 1089 4106 tl-
1105 4055 1148 4120 n,
1164 4051 1273 4122 populi
1293 4071 1317 4105 a
1339 4052 1389 4121 (aa

244 4133 374 4202 Romani)
384 4133 431 4186 rel.
442 4139 467 4186 et
475 4133 515 4186 aio
524 4149 557 4185 ss.
566 4130 622 4198 Μ’,
641 4132 849 4201 corcuculus
903 4132 957 4184 iuri
966 4133 999 4199 G,
1013 4134 1114 4188 iuraN
1166 4130 1368 4186 dicendoX⁴N

245 4211 375 4266 circuiret
396 4211 493 4266 GLN
563 4217 595 4264 12
616 4211 761 4264 alexandri
780 4212 877 4281 magni
891 4212 961 4266 HN
1036 4217 1068 4264 13
1088 4213 1156 4266 dum
1171 4212 1207 4264 M
1211 4211 1387 4281 VL¹P¹0¹Q‚

245 4293 304 4346 tum
327 4293 374 4346 rel.
399 4298 424 4346 et
446 4293 489 4357 N,
517 4309 567 4346 con.
589 4295 617 4344 H
640 4291 787 4360 (nichilum
805 4291 855 4360 13²)
951 4298 984 4345 14
1008 4292 1037 4345 id
1067 4291 1169 4346 aetatis
1196 4308 1252 4360 qno
1276 4293 1387 4362 Bentley

246 4377 278 4426 19
298 4372 435 4426 arbitrum
452 4371 533 4427 GVS
608 4378 641 4424 20
660 4372 791 4441 potiundi
810 4372 959 4426 1³0er
961 4412 969 4438 ,
996 4371 1124 4441 potiendi
1143 4374 1173 4425 Π
1179 4370 1189 4402 ¹
1267 4377 1301 4424 23
1320 4370 1388 4426 adiit

244 4469 294 4506 oar.
313 4456 337 4506 T
353 4451 437 4521 (adiit
455 4454 484 4505 et
502 4452 552 4508 del.
572 4453 698 4521 Bentley)
771 4457 805 4506 28
824 4451 937 4522 Publio]
955 4470 978 4504 r·
994 4450 1031 4506 X'
