3166 5106
587 381 754 437 TIBERIVS
775 395 840 444 [css.
857 396 918 445 1-s]
1266 388 1328 452 119

176 544 373 628 sepulturam
395 544 454 609 sub
473 543 634 629 Capitolio
654 545 782 630 publice
801 549 933 631 accepit.
967 549 1115 633 deinceps
1134 551 1327 632 procedente
1347 568 1363 614 a

175 655 319 735 tempore
346 651 586 737 duodetriginta
609 655 809 737 consulatus,
838 653 1013 719 dictaturas
1037 657 1193 741 quinque,
1218 677 1327 722 censu·

175 779 227 820 ras
251 762 387 842 septem,
415 759 597 843 triumphos
621 782 689 839 sex,
718 760 795 823 duas
820 761 986 826 ouationes
1015 762 1130 847 adepta
1154 767 1210 828 est.
1253 786 1324 828 curn

174 864 436 947 praenominibus
471 866 782 952 cognominibusque
812 868 911 932 uariis
949 869 1214 955 distingueretur,
1247 870 1327 934 Luci

148 992 370 1054 apraenomen
402 993 558 1037 consensu
591 973 787 1057 repudiauit,
818 979 990 1058 postquam
1024 997 1041 1040 e
1069 976 1195 1040 duobus
1224 979 1326 1061 genti·

174 1077 260 1140 libus
287 1078 441 1162 praeditis
471 1101 509 1142 eo
534 1078 615 1144 alter
641 1081 816 1162 latrocinii,
845 1081 949 1145 caedis
974 1072 1054 1146 alter
1077 1084 1244 1149 conuictus
1270 1089 1325 1148 est.

174 1183 258 1248 inter
287 1185 480 1270 cognomina
508 1191 613 1250 autem
642 1191 675 1250 et
701 1185 842 1251 Neronis
870 1189 1058 1273 assumpsit,
1087 1189 1203 1274 quo[d]
1228 1189 1326 1276 signi·

173 1291 290 1356 ficetur
310 1291 422 1376 lingua
447 1291 565 1357 Sabina
588 1293 683 1357 fortis
707 1314 744 1359 ac
767 1299 924 1359 strenuus.

263 1397 366 1462 Multa
385 1399 561 1464 multorum
581 1397 787 1465 Claudiorum
808 1403 938 1487 egregia
955 1403 1081 1486 merita,
1106 1404 1207 1468 multa
1226 1401 1361 1469 etiam2

133 1528 159 1568 ro
175 1505 304 1589 sequius
329 1505 467 1570 admissa
491 1506 525 1570 in
547 1528 614 1570 rem
638 1530 668 1590 p.
693 1509 811 1571 extant.
854 1507 908 1573 sed
932 1513 968 1574 ut
992 1510 1164 1592 praecipua
1188 1532 1326 1576 comme·

174 1632 304 1696 morem,
328 1609 455 1696 Appius
479 1611 598 1676 Caecus
622 1613 807 1678 societatem
830 1636 903 1679 cum
928 1638 1003 1701 rege
1026 1615 1127 1700 Pyrro
1151 1621 1188 1680 ut
1211 1639 1325 1702 parum

174 1718 333 1782 salubrem
357 1719 433 1782 iniri
456 1718 616 1784 dissuasit.
659 1719 811 1784 Claudius
832 1720 960 1785 Caudex
979 1724 1103 1806 primus
1121 1724 1204 1788 freto
1225 1726 1325 1788 classe

173 1825 307 1890 traiecto
330 1825 457 1890 Poenos
482 1825 593 1892 Sicilia
616 1827 747 1911 expulit.
790 1826 908 1892 lTibus
927 1828 1014 1893 Nero
1039 1829 1261 1895 aduenientem
1286 1854 1325 1894 ex

173 1931 331 2014 Hispania
364 1953 435 1996 eum
472 1933 657 2018 ingentibus
692 1935 794 2018 copiis
825 1934 1070 2020 Hasdrubalem,
1101 1937 1191 2021 prius
1227 1958 1324 2019 quam

134 2061 158 2127 ra
173 2037 348 2102 Hannibali
380 2039 473 2102 fratri
510 2041 771 2125 coniungeretur,
808 2041 977 2125 oppressit.
1028 2047 1139 2106 contre
1172 2042 1359 2108 Claudiusa

171 2145 388 2229 Regillianus,
416 2146 579 2210 decemuir
604 2146 731 2232 legibus
755 2147 945 2230 scribendis,
968 2149 1128 2234 uirginem
1152 2150 1325 2236 ingenuam

171 2357 259 2442 plebi
281 2359 345 2423 fuit
369 2359 536 2424 secedendi
559 2383 670 2425 rursus
690 2385 708 2424 a
727 2361 881 2444 patribus.
925 2361 1077 2427 Claudius
1096 2363 1241 2428 †Drusus
1261 2369 1324 2428 sta-

171 2468 227 2528 tua
251 2464 314 2529 sibi
338 2466 517 2530 diademata
546 2467 586 2530 ad
609 2466 697 2552 Appi
721 2467 840 2532 Forum
865 2468 970 2552 posita
993 2466 1120 2534 Italiam
1144 2494 1202 2555 per
1226 2471 1322 2536 clien-

22 2621 23 2624 ,
134 2570 251 2635 sutelas
285 2593 442 2657 occupare
472 2575 653 2657 temptauit.
705 2573 858 2638 Claudius
889 2574 1028 2666 Pulcher
1060 2577 1145 2660 apud
1178 2575 1321 2642 Siciliam

171 2681 236 2742 rion
258 2679 464 2761 pascentibus
488 2680 521 2744 in
550 2679 744 2763 auspicando
768 2680 867 2763 pullis
891 2703 928 2745 ac
951 2704 1008 2764 per
1030 2686 1251 2767 contemptum
1276 2707 1322 2748 re-

171 2783 301 2870 ligionis
334 2787 414 2850 mari
445 2785 610 2869 demersis,
643 2787 735 2869 quasi
767 2789 809 2849 ut
838 2787 1019 2852 biberent
1052 2789 1205 2871 quando
1239 2811 1321 2854 esse

171 2892 333 2975 nollent,
352 2891 511 2975 proelium
530 2894 644 2957 nauale
664 2893 750 2978 iniit,
774 2898 1015 2977 superatusque,
1039 2916 1111 2958 cum
1131 2895 1320 2962 dictatorem

171 2997 274 3062 dicere
303 3021 321 3060 a
350 3003 462 3063 senatu
489 2999 666 3081 iuberetur,
699 2999 790 3064 uelut
817 3001 933 3063 iterum
962 3000 1109 3066 inludens
1144 3003 1320 3068 discrimini

134 3123 157 3164 aa
170 3103 301 3186 publico
326 3103 460 3190 Glycian
483 3105 640 3169 uiatorem
664 3127 757 3169 suum
782 3105 873 3171 dixit.

258 3211 380 3275 Extant
408 3217 439 3276 et
466 3212 660 3277 feminarum
689 3212 834 3296 exempla
862 3213 989 3278 diuersa
1016 3236 1130 3298 aeque,
1164 3217 1319 3298 siquidem
1341 3226 1357 3274 3

169 3319 276 3402 gentis
295 3317 438 3382 eiusdem
457 3322 593 3400 utraque
608 3315 740 3382 Claudia
759 3319 831 3398 fuit,
851 3324 882 3382 et
901 3342 983 3402 quae
1001 3342 1116 3384 nauem
1132 3342 1205 3386 curn
1221 3321 1320 3386 sacris

240 3552 256 3598 2
280 3565 339 3598 xxrr
359 3549 510 3601 Mommsen
591 3552 606 3599 3
626 3548 686 3618 sex]
706 3567 734 3599 vr
749 3549 811 3614 ΒΤ,
831 3549 1111 3616 septemdecem.
1195 3555 1209 3602 7
1229 3568 1284 3618 quo
1304 3569 1320 3610 ς

170 3627 321 3696 (Beroald.)
405 3632 437 3679 10
456 3627 545 3680 setius
566 3629 623 3694 VP,
647 3628 735 3680 serius
754 3630 794 3693 L,
818 3644 897 3682 secus
916 3629 1012 3683 IPST
1093 3634 1124 3681 11
1144 3630 1248 3698 pyrrho
1269 3632 1320 3686 VR

171 3712 202 3758 12
222 3705 348 3778 Caudex]
368 3706 486 3760 claudus
506 3708 563 3777 HQ
580 3715 605 3761 ct
620 3725 672 3776 pro
691 3727 719 3762 u.
740 3709 756 3761 l.
773 3711 800 3764 R
874 3714 906 3762 13
925 3725 1030 3777 poenus
1047 3712 1090 3775 M,
1108 3725 1194 3778 penes
1209 3713 1245 3779 (et
1263 3716 1320 3764 turn

170 3787 271 3858 sicilia)
284 3787 310 3841 G
364 3787 458 3855 expuli
471 3788 527 3853 M¹,
545 3790 605 3843 tas.
621 3793 689 3842 oz.2
742 3789 819 3842 tibus
832 3791 869 3843 M
885 3789 955 3858 (Tib.
972 3790 1064 3859 Roth),
1083 3789 1167 3858 tybus
1180 3791 1246 3857 GC,
1266 3790 1319 3858 Ty-

169 3866 219 3920 bus
236 3867 310 3937 6²9,
334 3867 410 3922 Tibi.
427 3867 459 3933 V,
483 3867 582 3921 Tibius
601 3870 635 3933 P,
659 3867 765 3936 Tybius
784 3869 816 3933 S,
840 3869 968 3923 Tiberius
989 3872 1051 3938 (per
1069 3872 1217 3939 conspeod.)
1235 3871 1319 3937 ΜΤ,

169 3945 304 4002 Claudius
322 3950 395 4019 culp.
417 3947 705 4017 (ed.Boaoo.1acc);
725 3950 759 4015 cf.
774 3950 869 4003 Herm.
886 3955 922 4004 36
937 3967 966 4018 p.
978 3953 1032 4004 303
1121 3957 1153 4004 14
1172 3950 1319 4004 hasdriba-

168 4026 222 4080 lem
239 4029 310 4092 MG,
333 4027 528 4082 hastribabem
549 4029 593 4098 0¹,
616 4029 810 4082 hastrubalem
829 4032 963 4098 (astr-H)
975 4030 1065 4086 ΠΗΒ1
1139 4036 1170 4082 15
1191 4030 1318 4083 annibali

170 4109 231 4162 MT
244 4109 338 4177 (Roth)
425 4109 525 4177 appius
541 4108 612 4178 (api-
627 4112 669 4178 Π)
688 4116 748 4176 post
767 4108 901 4162 Claudius
920 4111 985 4164 add.
1003 4113 1026 4162 Τ
1045 4111 1142 4180 (culp.)
1226 4115 1257 4163 16
1277 4127 1319 4164 rc·

168 4187 323 4256 gillanuss
342 4189 411 4258 (edd.
428 4191 506 4244 Rom.
528 4191 591 4244 Vsa.
608 4192 632 4254 I,
652 4189 739 4259 culp.)
814 4195 846 4242 18
866 4189 984 4243 drussus
1004 4190 1025 4258 (i
1039 4190 1149 4259 erosa?)
1165 4193 1207 4256 M,
1227 4191 1318 4244 Rusus

169 4267 263 4322 Fratri
277 4269 382 4337 (potius
395 4269 515 4336 Russus,
534 4270 569 4336 cf.
586 4270 680 4322 Herm.
696 4273 733 4322 36
748 4287 776 4338 p.
789 4273 866 4338 303),
887 4269 1001 4323 Crassus
1024 4271 1053 4324 0.
1062 4271 1222 4337 Hirschfeld
1241 4270 1318 4339 (Cae-

96 4370 99 4378 ·
169 4363 215 4401 cus
233 4366 329 4401 rursus
348 4350 412 4403 olim
428 4351 590 4418 Mommsen)
647 4354 679 4401 19
700 4366 762 4402 cum
782 4349 943 4403 diademate
960 4349 1037 4404 r‘P2
1092 4357 1124 4404 22
1145 4350 1279 4404 demersit
1293 4352 1318 4404 G

169 4432 201 4480 25
215 4427 335 4497 Glycian
349 4428 504 4484 Salococius
518 4428 649 4498 (Gliciam
658 4431 798 4499 sipontus,
813 4429 924 4483 Glician
934 4431 1026 4499 noro),
1045 4430 1150 4498 ilycian
1162 4430 1224 4500 (yli-
1236 4432 1317 4497 GPS,

53 4505 54 4510 ’
168 4506 296 4577 issep-H,
315 4508 361 4560 ili·
376 4510 412 4575 R,
431 4508 487 4561 illi·
505 4511 535 4575 Τ,
554 4511 711 4564 terruiaotio
725 4526 785 4562 -am
799 4511 923 4578 asma
996 4517 1029 4563 27
1049 4511 1146 4564 nauirn
1162 4513 1188 4564 G
