3142 5112
259 387 322 451 106
606 387 634 442 C.
655 388 813 442 SVETONI
830 388 1053 454 TRANQVILLI
1566 419 1567 468 q

256 550 364 634 prole
395 552 566 636 augenda
601 555 632 614 et
663 550 767 615 Rutili
802 551 845 614 de
880 552 989 616 modo
1020 553 1301 635 aedificiorum,
1340 574 1406 636 quo
1564 501 1567 548 l

256 659 360 743 magis
383 658 587 741 persuaderet
609 662 779 740 utramque
801 681 868 722 rem
891 681 956 723 non
979 683 997 722 a
1022 682 1055 723 se
1078 662 1183 743 primo
1207 659 1405 723 animaduer-

256 787 333 847 sam,
357 764 411 828 sed
434 765 576 847 antiquis
601 765 664 828 iam
689 767 767 829 tunc
790 786 883 830 curae
906 765 1014 830 fuisse.

220 887 236 933 3
346 870 479 956 ingenia
507 870 626 935 saeculi
655 873 705 935 sui
737 872 886 935 omnibus
915 872 1019 938 modis
1043 873 1135 937 fouit.
1177 873 1342 938 recitantis
1373 877 1406 936 et

255 977 394 1063 benigne
418 982 449 1042 et
472 979 631 1061 patienter
655 979 769 1061 audiit,
791 999 851 1042 nec
873 984 999 1043 tontum
1024 980 1165 1045 carmina
1189 983 1221 1044 et
1243 979 1407 1062 historias,
1440 1005 1453 1045 s

255 1084 310 1149 sed
339 1088 371 1148 ct
398 1085 559 1148 orationes
588 1090 619 1149 et
647 1085 800 1170 dialogos.
839 1087 990 1169 componi
1016 1090 1125 1150 tamen
1153 1085 1275 1169 aliquid
1303 1087 1341 1150 de
1370 1107 1405 1150 se

254 1192 318 1255 nisi
342 1195 373 1255 et
397 1190 480 1255 serio
505 1196 537 1256 et
556 1213 574 1254 a
592 1192 876 1274 praestantissimis
896 1193 1125 1276 offendebatur,
1149 1193 1405 1276 admonebatque

254 1302 417 1382 praetores
445 1321 485 1362 ne
513 1301 699 1381 paterentur
726 1320 845 1363 nomen
875 1323 968 1363 suum
1001 1301 1282 1364 commissionibus
1312 1299 1405 1363 obso-

234 1405 364 1468 'lefieri

202 1509 250 1574 90
344 1509 435 1576 Circa
468 1512 639 1596 religiones
671 1512 768 1576 talem
802 1513 991 1595 accepimus.
1039 1514 1182 1578 tonitrua
1215 1517 1246 1577 et
1274 1512 1404 1598 fulgura
1424 1542 1453 1580 ro

254 1620 350 1701 paulo
381 1619 540 1683 infirmius
571 1620 816 1702 expauescebat,
851 1624 887 1683 ut
918 1643 1044 1702 semper
1073 1624 1105 1682 et
1135 1620 1256 1702 ubique
1285 1619 1403 1703 pellem

254 1724 349 1788 uituli
373 1725 490 1789 marini
513 1727 733 1790 circumferret
758 1749 816 1810 pro
840 1727 980 1790 remedio
1005 1731 1102 1810 atque
1125 1726 1165 1790 ad
1188 1748 1315 1791 omnem
1340 1749 1404 1790 ma-

253 1832 330 1895 ioris
361 1834 562 1915 tempestatis
596 1833 811 1916 suspicionem
842 1835 877 1896 in
907 1834 1051 1897 abditum
1082 1837 1113 1897 et
1143 1837 1400 1899 concamaratum

252 1938 360 2002 locum
393 1962 426 2003 se
458 1941 628 2023 reciperet,
663 1944 884 2004 consternatus
917 1940 993 2003 olim
1029 1963 1086 2024 per
1117 1944 1310 2005 nocturnum
1342 1940 1405 2003 iter

252 2047 437 2110 transcursu
459 2045 608 2132 fulguris,
630 2051 667 2111 ut
689 2046 905 2130 praediximus
930 2051 1015 2128 (cop.
1029 2051 1104 2128 29).
1422 2076 1453 2115 ιε

199 2147 243 2214 91
343 2152 474 2217 Somnia
501 2174 605 2236 neque
633 2175 691 2216 sua
715 2175 818 2235 neque
841 2154 946 2216 aliena
969 2153 1007 2216 de
1031 2175 1065 2217 se
1087 2154 1287 2238 neglegebat.
1328 2153 1403 2216 Phi-

251 2260 391 2342 lippensi
415 2261 481 2323 acie
510 2261 658 2342 quamuis
687 2261 852 2324 statuisset
879 2282 945 2324 non
968 2259 1076 2346 egredi
1100 2260 1306 2324 tabernaculo
1329 2281 1402 2342 pro-

252 2370 324 2449 pter
347 2365 572 2448 ualitudinem,
601 2387 747 2451 egressus
772 2371 951 2431 esttamen
979 2368 1073 2430 amici
1097 2367 1221 2430 somnio
1244 2368 1400 2448 monitus3

253 2473 411 2553 cessitque
442 2494 492 2535 res
530 2495 694 2557 prospere,
731 2475 858 2556 quando
891 2475 993 2558 captis
1031 2475 1142 2538 castris
1179 2473 1291 2538 lectica
1324 2474 1401 2555 eius,

252 2580 344 2661 quasi
372 2579 418 2641 ibi
447 2580 567 2644 cubans
590 2581 809 2663 remansisset,
837 2602 995 2645 concursu
1017 2581 1160 2645 hostium
1185 2580 1333 2646 confossa
1356 2585 1400 2644 at·
1421 2609 1454 2649 so

252 2707 313 2768 que
336 2686 474 2749 lacerata
498 2690 554 2750 est.
596 2688 664 2770 ipse
687 2709 744 2770 per
768 2709 861 2751 omne
885 2709 942 2751 uer
960 2688 1099 2771 plurima
1118 2691 1150 2751 et
1169 2686 1401 2752 formidulosis-

252 2791 333 2853 sima
364 2794 395 2853 et
426 2815 509 2856 uana
539 2797 571 2856 et
600 2794 691 2858 irrita
720 2794 862 2877 uidebat,
892 2795 1016 2878 reliquo
1046 2799 1191 2879 tempore
1218 2795 1340 2858 rariora
1369 2800 1401 2858 et

216 2912 232 2958 a
252 2897 358 2961 minus
382 2921 473 2962 uana
519 2921 592 2963 oum
611 2900 789 2964 dedicatam
809 2902 843 2964 in
863 2900 1023 2984 Capitolio
1043 2901 1152 2966 aedem
1171 2901 1310 2965 Tonanti
1329 2900 1401 2965 Ioui

251 3003 377 3068 assidue
400 3004 628 3089 frequentaret,
651 3009 826 3072 somniauit
850 3009 940 3090 queri
965 3007 1182 3092 Capitolinum
1205 3007 1315 3072 Iouem
1335 3008 1400 3071 cul-

250 3116 336 3174 tores
360 3109 422 3173 sibi
446 3111 562 3176 abduci
585 3134 682 3196 seque
704 3115 908 3196 respondisse
930 3114 1109 3186 Tonantem
1129 3137 1187 3199 pro
1211 3116 1346 3179 ianitore
1369 3116 1399 3178 ei
1418 3139 1450 3181 25

250 3219 447 3302 appositum3
467 3218 603 3303 ideoque
622 3242 696 3284 mcx
716 3222 943 3285 tintinnabulis
962 3222 1128 3307 fastigium
1148 3221 1235 3286 aedis
1249 3221 1399 3303 redimiit,

251 3323 337 3406 quod
365 3344 402 3387 ea
434 3324 500 3389 fere
532 3326 637 3389 ianuis
665 3326 895 3410 dependebant.
944 3351 982 3392 ex
1010 3334 1167 3393 nocturno
1198 3330 1271 3392 uisu
1301 3329 1398 3392 etiam

249 3461 462 3468 -—-.—.--—.-

321 3533 337 3578 4
362 3527 453 3581 Victor
473 3528 616 3593 Caes.1,5
635 3528 792 3594 doctorum,
812 3529 861 3598 qui
880 3530 991 3582 abunde
1011 3534 1102 3595 erant,
1122 3530 1398 3596 necessariorumque

248 3605 398 3674 percultor.
473 3613 505 3660 10
524 3609 562 3662 id.
577 3613 630 3673 1,5
650 3626 713 3661 cum
784 3609 967 3678 religionibus
987 3611 1056 3664 mire
1075 3611 1250 3664 attineretur.
1278 3611 1312 3676 cf.
1325 3610 1397 3662 Eia-

248 3687 326 3739 lmrd.
342 3691 381 3741 26
399 3687 467 3754 (coll.
483 3690 555 3758 Aug.
572 3692 608 3741 93
623 3705 652 3755 p.
669 3692 786 3758 107,17)

322 3873 438 3926 ldcmo
460 3875 536 3940 G1V,
561 3892 628 3929 corr.
651 3875 690 3930 G³
771 3880 831 3948 aa]
854 3878 891 3930 ad
912 3880 958 3943 M,
984 3878 1020 3930 ab
1040 3879 1113 3933 Roth
1135 3881 1200 3946 (non
1223 3893 1239 3930 a
1259 3894 1287 3931 se
1306 3877 1397 3946 primo

248 3971 298 4006 om.
312 3955 348 4022 T)
418 3954 543 4008 4mcdis
559 3957 687 4010 omnibus
700 3956 760 4010 GN
826 3964 856 4011 11
877 3958 1003 4011 infirmus
1019 3959 1079 4012 G.
1119 3963 1151 4011 13
1171 3959 1397 4012 concameratum

250 4033 363 4088 GrrN
432 4041 465 4088 16
485 4035 605 4104 desegue
624 4035 738 4106 legebat
753 4038 784 4103 V,
807 4038 971 4107 negligebat
991 4039 1025 4091 de
1045 4056 1073 4091 se
1090 4039 1115 4092 G
1189 4043 1222 4092 18
1241 4039 1284 4091 est
1303 4054 1352 4092 ori.
1371 4039 1397 4091 G

246 4120 281 4167 21
302 4117 351 4167 cst.
376 4115 436 4183 ipsc
454 4114 530 4171 T‘P’
544 4118 598 4182 (est
617 4117 685 4169 item
704 4120 743 4184 ς),
763 4118 823 4186 ipse
842 4119 868 4171 ei
890 4120 927 4172 M
942 4120 991 4188 (sic
1009 4137 1042 4174 ra.
1059 4125 1074 4172 1
1094 4126 1126 4172 at
1143 4119 1227 4186 aid),
1245 4118 1305 4187 ipsc
1324 4123 1339 4170 ὃ
1361 4117 1397 4182 G,

248 4195 308 4263 ipse
323 4197 351 4248 et
364 4195 395 4262 V,
414 4195 474 4263 ipse
489 4196 579 4251 LP1c
650 4196 912 4251 formidolosissima
929 4197 1041 4253 Mur
1062 4199 1106 4266 (cs.
1123 4201 1197 4252 Nero
1213 4203 1239 4266 6)
1311 4203 1344 4250 22
1363 4201 1397 4251 ut

247 4291 322 4329 uana
338 4276 435 4330 Modd.
508 4277 651 4330 inritanda
666 4278 691 4328 V
762 4283 795 4331 23
814 4279 935 4347 populus
953 4285 1014 4346 post
1028 4279 1088 4332 Ioui
1102 4279 1191 4347 suppl.
1204 4279 1321 4349 Madvig
1336 4281 1398 4346 (aut

246 4357 417 4410 scribendam
441 4364 527 4410 censet
550 4373 614 4410 cum
633 4357 785 4411 dedicata.
803 4402 807 4411 .
825 4402 830 4412 .
847 4360 930 4412 aedes
951 4401 956 4412 .
974 4402 978 4412 .
996 4403 1000 4412 .
1021 4360 1270 4429 frequentaretur),
1294 4357 1396 4427 uolgus

248 4437 356 4505 Mr'ibly,
376 4436 477 4489 ciuitas
492 4438 626 4491 Br'r'cbeler
645 4440 689 4506 (cf.
709 4439 767 4492 Dio
782 4445 830 4504 54,
844 4443 872 4508 4)
981 4445 1015 4493 24
1034 4440 1245 4507 frequentarent
1265 4439 1395 4494 B.·0ras.

247 4522 280 4569 26
300 4517 414 4569 redimit
437 4517 526 4584 (rede
542 4519 580 4586 P)
592 4517 673 4572 LPT
743 4525 775 4571 27
796 4519 975 4587 dependeant
994 4521 1110 4590 Bentley
