3098 5110
559 363 668 418 Dll'VS
687 363 806 418 IVLIVS
827 375 892 424 [cnr.
909 375 995 424 11-171
1333 363 1351 428 Ἰ

197 529 238 592 in
264 528 315 591 his
344 527 496 592 Cicerone
525 527 665 590 consulis
694 527 807 611 fratre,
836 527 898 590 nisi
926 526 1087 590 labantem
1111 527 1256 590 ordinem
1281 547 1353 591 con-

196 635 363 698 firmasset
386 633 429 698 M.
450 631 582 696 Catonis
606 634 719 698 oratic.
765 655 801 696 ac
825 655 864 696 ne
888 633 1083 716 sicquidem
1108 632 1262 717 impedire
1285 655 1352 696 rem

198 732 337 823 destitit,
355 739 462 823 quoad
480 760 594 804 manus
612 741 755 822 equitum
776 740 1005 823 Romanorum,
1024 761 1105 822 quae
1125 742 1248 802 armata
1265 761 1353 822 prae·

199 846 278 910 sidii
293 868 387 911 causa
401 846 639 930 circumstabat,
658 846 889 912 inmoderatius
907 846 1127 929 perseueranti
1145 866 1255 910 necem
1271 867 1353 912 com·

164 955 327 1018 eminata
349 957 410 1036 est,
438 953 536 1017 etiarn
560 954 690 1017 strictos
714 953 839 1038 gladios
862 973 964 1036 nsque
987 973 1025 1016 eo
1049 953 1225 1036 intentans,
1249 957 1285 1016 ut
1308 975 1354 1017 se·

198 1060 331 1124 dentem
353 1081 418 1123 une
440 1059 581 1143 proximi
605 1059 812 1142 deseruerint,
835 1059 889 1123 uix
908 1058 1002 1142 pauci
1025 1059 1194 1142 complexu
1213 1063 1353 1145 togaque

198 1166 329 1231 obiecta
355 1167 563 1249 protexerint.
606 1169 683 1230 tunc
710 1168 806 1250 plane
834 1165 1005 1230 deterritus
1032 1187 1099 1230 non
1126 1165 1222 1228 modo
1250 1167 1353 1248 cessit,

197 1273 258 1338 sed
282 1277 313 1337 et
336 1275 370 1338 in
392 1273 552 1356 reliquum
576 1274 651 1337 anni
674 1276 801 1355 tempus
825 1273 913 1336 curia
936 1271 1099 1336 abstinuit.

291 1379 401 1444 Primo
425 1383 593 1464 praeturae
618 1381 667 1444 die
687 1378 843 1456 Quintum
863 1377 1012 1444 Catulum
1037 1378 1075 1442 de
1098 1379 1270 1443 refectione
1295 1376 1351 1441 Ca-
1362 1376 1405 1444 15

147 1512 180 1551 ro
198 1487 298 1572 pitoli
321 1486 362 1550 ad
385 1485 641 1569 disquisitionem
665 1485 777 1570 populi
802 1484 932 1550 uocauit
951 1486 1118 1570 rogatione
1138 1484 1353 1569 promulgata,
1461 1511 1465 1520 ·

198 1617 268 1678 qua
290 1594 487 1658 curationem
507 1613 577 1656 eam
597 1594 631 1656 in
650 1593 748 1656 alium
768 1592 993 1676 transferebat3
1016 1614 1130 1656 uerum
1149 1591 1253 1676 impar
1272 1593 1353 1676 opti-

198 1701 338 1765 matium
362 1698 603 1784 conspirationi,
627 1719 708 1782 quos
731 1698 845 1764 relicto
869 1698 980 1762 statim
1003 1719 1162 1762 nouorum
1187 1699 1353 1764 consulum

199 1808 313 1873 officio
337 1806 521 1890 frequentes
546 1803 790 1888 obstinatosque
814 1805 853 1868 ad
876 1805 1090 1868 resistendum
1114 1807 1354 1869 concucurrisse

199 1912 366 1996 cernebat,
403 1914 487 1977 hanc
524 1912 652 1995 quidem
691 1914 850 1978 actionem
888 1912 1045 1995 deposuit.
1101 1915 1241 1975 ceterum
1276 1910 1350 1976 Cae·
1361 1910 1405 1976 16

149 2043 180 2083 15
200 2020 279 2086 cilio
307 2019 438 2084 Metello
467 2019 598 2082 tribuno
631 2018 735 2104 plebis
763 2018 1058 2083 turbulentissimas
1085 2018 1173 2104 leges
1201 2018 1353 2082 aduersus

199 2126 399 2212 collegarum
431 2126 691 2190 intercessionem
724 2126 839 2189 ferenti
872 2130 1035 2188 auctorem
1068 2129 1352 2209 propugnatorem·

198 2255 266 2316 que
293 2254 326 2296 se
353 2233 608 2315 pertinacissime
631 2233 807 2316 praestitit,
835 2231 935 2296 donec
958 2231 1053 2296 ambo
1076 2231 1353 2296 administratione

197 2339 249 2404 rei
273 2338 419 2422 publicae
443 2339 570 2404 decreto
594 2343 723 2422 patrum
743 2339 1018 2402 submonerentur.
1060 2359 1098 2402 ac
1120 2336 1223 2401 nihilo
1247 2338 1353 2402 minus

198 2467 389 2531 permanere
413 2447 446 2509 in
470 2446 662 2530 magistratu
686 2445 791 2524 etius
815 2445 918 2509 dicere
942 2466 1047 2528 ausus,
1070 2448 1107 2507 ut
1126 2444 1282 2528 comperit
1300 2467 1354 2528 pa·

150 2578 182 2618 so
200 2557 305 2636 ratos,
336 2552 392 2636 qui
422 2554 456 2616 ui
487 2575 523 2617 ac
552 2575 610 2637 per
641 2573 729 2615 arma
758 2551 980 2636 prohiberent,
1012 2549 1153 2616 dimissis
1185 2551 1353 2616 lictoribus

199 2660 390 2741 abiectaque
424 2661 591 2742 praetexta
628 2659 759 2723 domum
797 2657 877 2721 clam
917 2657 1038 2741 refugit
1069 2679 1129 2740 pro
1167 2659 1353 2722 condicione

199 2771 386 2848 temporum
408 2765 583 2849 quieturus.
620 2764 861 2828 multitudinem
882 2785 1010 2848 quoque
1028 2765 1127 2829 biduo
1146 2769 1221 2847 post
1239 2769 1352 2848 sponte
1373 2782 1388 2828 2

199 2877 234 2937 et
263 2872 349 2936 ultro
377 2873 592 2937 confluentem
621 2893 816 2954 operamque
847 2871 907 2935 sibi
937 2872 970 2935 in
1000 2871 1174 2935 adserenda
1197 2871 1353 2956 dignitate

198 2978 435 3043 tumultuosius
458 2979 664 3061 pollicentem
689 2979 882 3061 conpescuit.
929 2978 1014 3061 quod
1039 2999 1112 3042 cum
1135 2983 1263 3061 praeter
1286 2978 1352 3062 opi·

148 3085 332 3150 senionem
352 3085 520 3169 euenisset,
544 3089 673 3149 renatus
692 3084 733 3148 ob
752 3085 887 3148 eundern
905 3088 1032 3148 coetum
1051 3085 1203 3148 festinato
1223 3089 1353 3149 coactus

199 3191 322 3277 gratias
350 3194 379 3255 ei
406 3215 468 3274 per
494 3193 650 3275 primores
674 3193 761 3255 uiros
790 3191 857 3276 egit
885 3191 1086 3274 accitumque
1114 3192 1148 3254 in
1176 3193 1298 3256 curiam
1322 3196 1354 3255 et

198 3299 410 3381 amplissimis
433 3299 540 3362 uerbis
565 3297 790 3362 conlaudatum
816 3297 850 3361 in
873 3299 1034 3382 integrum
1058 3299 1199 3361 restituit
1222 3298 1352 3362 inducto

198 3406 309 3490 priore
333 3404 469 3468 decreto

291 3510 420 3576 Recidit
446 3533 556 3576 rursus
586 3513 619 3574 in
648 3512 818 3575 discrimen
845 3511 932 3574 aliud
960 3512 1044 3574 inter
1067 3513 1170 3576 socios
1195 3508 1404 3574 Catilinael'l

149 3643 182 3684 oo
200 3619 386 3682 nominatus
411 3621 443 3681 et
466 3617 552 3703 apud
569 3617 714 3682 Nouium
732 3616 872 3702 Nigrum
896 3622 1097 3700 quaestorem
1122 3641 1140 3680 a
1158 3617 1258 3682 Lucio
1278 3616 1353 3680 Vet-

200 3727 248 3790 tio
272 3724 378 3788 indice
402 3728 434 3788 et
458 3725 491 3788 in
511 3729 624 3789 senatu
643 3746 662 3787 a
681 3723 802 3800 Quinto
823 3723 928 3806 Curio,
952 3723 1013 3806 cui,
1034 3723 1119 3806 quod
1137 3725 1260 3808 primus
1281 3746 1353 3788 con-

275 3935 288 3980 1
314 3925 449 3980 ciceronis
473 3926 579 3991 XHR,
600 3924 674 3997 (Q.)
694 3925 826 3979 Cicerone
850 3926 1027 3980 Holtertcmu
1113 3932 1128 3978 2
1152 3927 1199 3995 ne]
1222 3941 1274 3978 neo
1298 3929 1326 3976 X
1331 3926 1354 3995 Q

199 4015 214 4061 3
236 4007 421 4075 quoadusque
441 4009 470 4058 X
559 4013 590 4059 13
611 4005 836 4059 conresurrisse*
857 4009 905 4072 M,
937 4007 1146 4060 concucurrisse
1167 4007 1228 4060 GH
1245 4013 1304 4073 (cur
1322 4009 1354 4060 ic

198 4104 287 4157 marp.
312 4085 542 4154 add.·m.1G)‚
576 4084 748 4138 concurrisse
771 4087 818 4138 rel.
930 4092 961 4140 17
982 4086 1227 4141 administratione
1246 4103 1275 4152 ς,
1304 4086 1354 4139 ab·

197 4165 410 4222 ministratione
431 4166 467 4218 M
472 4166 585 4220 VLPS
591 4165 693 4220 O¹HR
712 4167 767 4234 (a),
793 4165 829 4218 ab
848 4165 1093 4220 administratione
1115 4166 1248 4232 GO'TQ,
1271 4167 1354 4219 mini-

198 4247 338 4302 stratione
360 4246 403 4316 Qs
476 4251 510 4298 25
530 4245 708 4299 conuenisset
728 4244 800 4298 M’c
872 4251 904 4297 27
929 4246 959 4297 in
978 4262 1028 4300 om.
1050 4245 1141 4316 M¹Q¹
1214 4252 1247 4299 29
1267 4247 1353 4300 Rece-

199 4329 245 4381 dit
265 4326 378 4380 M¹GV
448 4331 482 4378 30
505 4326 596 4379 uettio
619 4327 744 4391 solusV,
772 4325 849 4378 ustio
870 4327 907 4377 M
913 4326 980 4395 GQ,
1008 4326 1101 4379 uectio
1125 4329 1169 4380 uel
1192 4327 1287 4380 uaccio
1306 4329 1352 4380 rel.

198 4411 275 4478 (item
288 4425 319 4475 p.
331 4410 349 4459 8
365 4407 381 4459 l.
395 4411 420 4471 6,
435 4414 465 4460 ot
475 4423 504 4474 p.
516 4410 534 4459 8
549 4407 596 4460 t2
609 4413 677 4460 recte
691 4408 773 4459 etiam
784 4406 850 4459 ML
858 4406 889 4474 Q)
963 4410 995 4458 31
1011 4405 1106 4459 Iudice
1116 4408 1272 4460 Lambinus
1282 4407 1352 4474 (iud-

199 4491 231 4542 irs
250 4505 301 4542 reo.
321 4487 410 4555 codd.)
482 4486 642 4539 nominatus
663 4486 736 4540 inter
755 4485 844 4538 socios
860 4493 923 4553 post
942 4483 1023 4539 Curio
1043 4487 1107 4540 add.
1126 4487 1302 4541 HP²O²ST
