<?xml version="1.0" encoding="UTF-8"?>
<!DOCTYPE html PUBLIC "-//W3C//DTD XHTML 1.0 Transitional//EN"
    "http://www.w3.org/TR/xhtml1/DTD/xhtml1-transitional.dtd">
<html xmlns="http://www.w3.org/1999/xhtml" xml:lang="en" lang="en">
 <head>
  <title>
</title>
<meta http-equiv="Content-Type" content="text/html;charset=utf-8" />
  <meta name='ocr-system' content='tesseract 3.04.00' />
  <meta name='ocr-capabilities' content='ocr_page ocr_carea ocr_par ocr_line ocrx_word'/>
</head>
<body>
  <div class='ocr_page' id='page_1' title='image "./csuetoniitranqu01suetgoog_0143.png"; bbox 0 0 3142 5112; ppageno 0'>
   <div class='ocr_carea' id='block_1_1' title="bbox 484 357 1310 424">
    <p class='ocr_par' dir='ltr' id='par_1_1' title="bbox 484 357 1310 424">
     <span class='ocr_line' id='line_1_1' title="bbox 484 357 1310 424; baseline 0.006 -10"><span class='ocrx_word' id='word_1_1' title='bbox 484 359 593 414; x_wconf 84' lang='lat' dir='ltr'><strong>DIVVS</strong></span> <span class='ocrx_word' id='word_1_2' title='bbox 612 357 802 414; x_wconf 78' lang='lat' dir='ltr'>AVGVSTVS</span> <span class='ocrx_word' id='word_1_3' title='bbox 821 371 887 420; x_wconf 73' lang='lat' dir='ltr'><strong>[car.</strong></span> <span class='ocrx_word' id='word_1_4' title='bbox 902 372 990 422; x_wconf 81' lang='lat' dir='ltr'><strong>sa-sr]</strong></span> <span class='ocrx_word' id='word_1_5' title='bbox 1268 359 1310 424; x_wconf 75' lang='lat'><strong>73</strong></span> 
     </span>
    </p>
   </div>
   <div class='ocr_carea' id='block_1_2' title="bbox 107 521 1365 2421">
    <p class='ocr_par' dir='ltr' id='par_1_2' title="bbox 107 521 1365 2421">
     <span class='ocr_line' id='line_1_2' title="bbox 166 521 1312 610; baseline 0 -22"><span class='ocrx_word' id='word_1_6' title='bbox 166 527 259 589; x_wconf 89' lang='lat' dir='ltr'><strong>etiam</strong></span> <span class='ocrx_word' id='word_1_7' title='bbox 289 522 515 606; x_wconf 62' lang='lat' dir='ltr'><strong>excusantibus</strong></span> <span class='ocrx_word' id='word_1_8' title='bbox 545 523 671 610; x_wconf 77' lang='lat' dir='ltr'>insigne</span> <span class='ocrx_word' id='word_1_9' title='bbox 698 521 798 588; x_wconf 85' lang='lat' dir='ltr'><strong>uestis</strong></span> <span class='ocrx_word' id='word_1_10' title='bbox 828 528 861 587; x_wconf 91' lang='lat' dir='ltr'><strong>et</strong></span> <span class='ocrx_word' id='word_1_11' title='bbox 890 521 1055 607; x_wconf 87' lang='lat' dir='ltr'><strong>spectandi</strong></span> <span class='ocrx_word' id='word_1_12' title='bbox 1085 522 1118 586; x_wconf 93' lang='lat' dir='ltr'><strong>in</strong></span> <span class='ocrx_word' id='word_1_13' title='bbox 1149 521 1312 588; x_wconf 83' lang='lat' dir='ltr'><strong>orchestra</strong></span> 
     </span>
     <span class='ocr_line' id='line_1_3' title="bbox 165 629 1347 716; baseline -0.001 -21"><span class='ocrx_word' id='word_1_14' title='bbox 165 630 378 716; x_wconf 75' lang='lat' dir='ltr'><strong>epulandique</strong></span> <span class='ocrx_word' id='word_1_15' title='bbox 404 629 534 715; x_wconf 92' lang='lat' dir='ltr'><strong>publice</strong></span> <span class='ocrx_word' id='word_1_16' title='bbox 561 629 621 694; x_wconf 88' lang='lat' dir='ltr'><strong>ius.</strong></span> <span class='ocrx_word' id='word_1_17' title='bbox 667 651 731 713; x_wconf 93' lang='lat' dir='ltr'><strong>quo</strong></span> <span class='ocrx_word' id='word_1_18' title='bbox 754 633 861 694; x_wconf 91' lang='lat' dir='ltr'><strong>autem</strong></span> <span class='ocrx_word' id='word_1_19' title='bbox 890 629 965 694; x_wconf 89' lang='lat' dir='ltr'><strong>lecti</strong></span> <span class='ocrx_word' id='word_1_20' title='bbox 993 629 1186 714; x_wconf 89' lang='lat' dir='ltr'><strong>probatique</strong></span> <span class='ocrx_word' id='word_1_21' title='bbox 1209 632 1242 693; x_wconf 88' lang='lat' dir='ltr'><strong>et</strong></span> <span class='ocrx_word' id='word_1_22' title='bbox 1264 651 1347 700; x_wconf 81' lang='lat' dir='ltr'><strong>ree</strong></span> 
     </span>
     <span class='ocr_line' id='line_1_4' title="bbox 164 736 1311 824; baseline -0.002 -22"><span class='ocrx_word' id='word_1_23' title='bbox 164 737 311 824; x_wconf 79' lang='lat' dir='ltr'><strong>ligiosius</strong></span> <span class='ocrx_word' id='word_1_24' title='bbox 341 741 374 801; x_wconf 92' lang='lat' dir='ltr'><strong>et</strong></span> <span class='ocrx_word' id='word_1_25' title='bbox 407 738 531 802; x_wconf 90' lang='lat' dir='ltr'><strong>minore</strong></span> <span class='ocrx_word' id='word_1_26' title='bbox 560 736 709 800; x_wconf 88' lang='lat' dir='ltr'><strong>molestia</strong></span> <span class='ocrx_word' id='word_1_27' title='bbox 740 737 901 800; x_wconf 87' lang='lat' dir='ltr'><strong>senatoria</strong></span> <span class='ocrx_word' id='word_1_28' title='bbox 929 757 1063 800; x_wconf 89' lang='lat' dir='ltr'><strong>munera</strong></span> <span class='ocrx_word' id='word_1_29' title='bbox 1090 737 1311 821; x_wconf 83' lang='lat' dir='ltr'><strong>fungerentur,</strong></span> 
     </span>
     <span class='ocr_line' id='line_1_5' title="bbox 165 843 1311 928; baseline -0.001 -20"><span class='ocrx_word' id='word_1_30' title='bbox 165 846 284 928; x_wconf 87' lang='lat' dir='ltr'><strong>sanxit,</strong></span> <span class='ocrx_word' id='word_1_31' title='bbox 311 847 348 908; x_wconf 90' lang='lat' dir='ltr'><strong>ut</strong></span> <span class='ocrx_word' id='word_1_32' title='bbox 369 844 461 928; x_wconf 90' lang='lat' dir='ltr'><strong>prius</strong></span> <span class='ocrx_word' id='word_1_33' title='bbox 484 865 581 928; x_wconf 90' lang='lat' dir='ltr'><strong>quarn</strong></span> <span class='ocrx_word' id='word_1_34' title='bbox 609 843 788 908; x_wconf 78' lang='lat' dir='ltr'><strong>consideret</strong></span> <span class='ocrx_word' id='word_1_35' title='bbox 812 843 949 926; x_wconf 89' lang='lat' dir='ltr'><strong>quisque</strong></span> <span class='ocrx_word' id='word_1_36' title='bbox 972 847 1044 906; x_wconf 89' lang='lat' dir='ltr'><strong>ture</strong></span> <span class='ocrx_word' id='word_1_37' title='bbox 1067 863 1104 906; x_wconf 90' lang='lat' dir='ltr'><strong>ae</strong></span> <span class='ocrx_word' id='word_1_38' title='bbox 1125 863 1215 908; x_wconf 91' lang='lat' dir='ltr'><strong>mero</strong></span> <span class='ocrx_word' id='word_1_39' title='bbox 1238 863 1311 927; x_wconf 89' lang='lat' dir='ltr'><strong>sup-</strong></span> 
     </span>
     <span class='ocr_line' id='line_1_6' title="bbox 135 941 1311 1036; baseline 0 -22"><span class='ocrx_word' id='word_1_40' title='bbox 135 952 300 1036; x_wconf 81' lang='lat' dir='ltr'><strong>splicaret</strong></span> <span class='ocrx_word' id='word_1_41' title='bbox 323 952 409 1035; x_wconf 89' lang='lat' dir='ltr'><strong>apud</strong></span> <span class='ocrx_word' id='word_1_42' title='bbox 435 973 523 1016; x_wconf 88' lang='lat' dir='ltr'><strong>aram</strong></span> <span class='ocrx_word' id='word_1_43' title='bbox 552 951 620 1014; x_wconf 89' lang='lat' dir='ltr'><strong>eius</strong></span> <span class='ocrx_word' id='word_1_44' title='bbox 643 949 703 1032; x_wconf 89' lang='lat' dir='ltr'><strong>dei,</strong></span> <span class='ocrx_word' id='word_1_45' title='bbox 727 950 760 1013; x_wconf 92' lang='lat' dir='ltr'><strong>in</strong></span> <span class='ocrx_word' id='word_1_46' title='bbox 784 941 875 1014; x_wconf 76' lang='lat' dir='ltr'><strong>c&#39;uius</strong></span> <span class='ocrx_word' id='word_1_47' title='bbox 898 950 1020 1034; x_wconf 89' lang='lat' dir='ltr'><strong>templo</strong></span> <span class='ocrx_word' id='word_1_48' title='bbox 1044 950 1193 1034; x_wconf 88' lang='lat' dir='ltr'><strong>coiretur,</strong></span> <span class='ocrx_word' id='word_1_49' title='bbox 1216 953 1249 1014; x_wconf 93' lang='lat' dir='ltr'><strong>et</strong></span> <span class='ocrx_word' id='word_1_50' title='bbox 1270 971 1311 1014; x_wconf 88' lang='lat' dir='ltr'><strong>ne</strong></span> 
     </span>
     <span class='ocr_line' id='line_1_7' title="bbox 164 1055 1311 1142; baseline -0.002 -20"><span class='ocrx_word' id='word_1_51' title='bbox 164 1059 236 1142; x_wconf 91' lang='lat' dir='ltr'><strong>plus</strong></span> <span class='ocrx_word' id='word_1_52' title='bbox 266 1079 364 1140; x_wconf 88' lang='lat' dir='ltr'><strong>quam</strong></span> <span class='ocrx_word' id='word_1_53' title='bbox 392 1057 444 1122; x_wconf 92' lang='lat' dir='ltr'><strong>bis</strong></span> <span class='ocrx_word' id='word_1_54' title='bbox 471 1057 504 1121; x_wconf 93' lang='lat' dir='ltr'><strong>in</strong></span> <span class='ocrx_word' id='word_1_55' title='bbox 528 1077 635 1121; x_wconf 90' lang='lat' dir='ltr'><strong>mense</strong></span> <span class='ocrx_word' id='word_1_56' title='bbox 662 1055 828 1140; x_wconf 81' lang='lat' dir='ltr'><strong>legitimus</strong></span> <span class='ocrx_word' id='word_1_57' title='bbox 853 1060 983 1120; x_wconf 89' lang='lat' dir='ltr'><strong>senatus</strong></span> <span class='ocrx_word' id='word_1_58' title='bbox 1006 1061 1167 1142; x_wconf 76' lang='lat' dir='ltr'><strong>ageretur,</strong></span> <span class='ocrx_word' id='word_1_59' title='bbox 1195 1055 1311 1120; x_wconf 86' lang='lat' dir='ltr'><strong>Kalen-</strong></span> 
     </span>
     <span class='ocr_line' id='line_1_8' title="bbox 165 1160 1311 1248; baseline -0.002 -18"><span class='ocrx_word' id='word_1_60' title='bbox 165 1165 212 1230; x_wconf 91' lang='lat' dir='ltr'><strong>dis</strong></span> <span class='ocrx_word' id='word_1_61' title='bbox 234 1169 268 1228; x_wconf 91' lang='lat' dir='ltr'><strong>et</strong></span> <span class='ocrx_word' id='word_1_62' title='bbox 291 1163 415 1248; x_wconf 88' lang='lat' dir='ltr'><strong>Idibus,</strong></span> <span class='ocrx_word' id='word_1_63' title='bbox 443 1185 523 1228; x_wconf 88' lang='lat' dir='ltr'><strong>neue</strong></span> <span class='ocrx_word' id='word_1_64' title='bbox 551 1161 735 1248; x_wconf 86' lang='lat' dir='ltr'><strong>Septembri</strong></span> <span class='ocrx_word' id='word_1_65' title='bbox 758 1160 932 1228; x_wconf 84' lang='lat' dir='ltr'><strong>Octobriue</strong></span> <span class='ocrx_word' id='word_1_66' title='bbox 960 1185 1068 1227; x_wconf 86' lang='lat' dir='ltr'><strong>mense</strong></span> <span class='ocrx_word' id='word_1_67' title='bbox 1095 1161 1179 1226; x_wconf 93' lang='lat' dir='ltr'><strong>ullos</strong></span> <span class='ocrx_word' id='word_1_68' title='bbox 1202 1162 1311 1228; x_wconf 83' lang='lat' dir='ltr'><strong>edesse</strong></span> 
     </span>
     <span class='ocr_line' id='line_1_9' title="bbox 163 1269 1311 1353; baseline -0.002 -17"><span class='ocrx_word' id='word_1_69' title='bbox 163 1271 244 1336; x_wconf 85' lang='lat' dir='ltr'><strong>alios</strong></span> <span class='ocrx_word' id='word_1_70' title='bbox 267 1291 395 1336; x_wconf 87' lang='lat' dir='ltr'><strong>necesse</strong></span> <span class='ocrx_word' id='word_1_71' title='bbox 418 1273 501 1334; x_wconf 88' lang='lat' dir='ltr'><strong>esset</strong></span> <span class='ocrx_word' id='word_1_72' title='bbox 526 1291 624 1353; x_wconf 89' lang='lat' dir='ltr'><strong>quam</strong></span> <span class='ocrx_word' id='word_1_73' title='bbox 647 1274 732 1333; x_wconf 88' lang='lat' dir='ltr'><strong>sorte</strong></span> <span class='ocrx_word' id='word_1_74' title='bbox 756 1269 878 1353; x_wconf 89' lang='lat' dir='ltr'><strong>ductos,</strong></span> <span class='ocrx_word' id='word_1_75' title='bbox 900 1291 958 1353; x_wconf 90' lang='lat' dir='ltr'><strong>per</strong></span> <span class='ocrx_word' id='word_1_76' title='bbox 981 1291 1119 1353; x_wconf 86' lang='lat' dir='ltr'><strong>quorum</strong></span> <span class='ocrx_word' id='word_1_77' title='bbox 1141 1290 1311 1334; x_wconf 90' lang='lat' dir='ltr'><strong>numerum</strong></span> 
     </span>
     <span class='ocr_line' id='line_1_10' title="bbox 163 1375 1311 1461; baseline 0 -19"><span class='ocrx_word' id='word_1_78' title='bbox 163 1378 290 1442; x_wconf 88' lang='lat' dir='ltr'><strong>decreta</strong></span> <span class='ocrx_word' id='word_1_79' title='bbox 317 1377 432 1442; x_wconf 86' lang='lat' dir='ltr'><strong>confici</strong></span> <span class='ocrx_word' id='word_1_80' title='bbox 461 1380 607 1461; x_wconf 81' lang='lat' dir='ltr'><strong>possent3</strong></span> <span class='ocrx_word' id='word_1_81' title='bbox 639 1375 766 1460; x_wconf 89' lang='lat' dir='ltr'><strong>sibique</strong></span> <span class='ocrx_word' id='word_1_82' title='bbox 796 1376 939 1440; x_wconf 85' lang='lat' dir='ltr'><strong>instituit</strong></span> <span class='ocrx_word' id='word_1_83' title='bbox 969 1377 1103 1442; x_wconf 87' lang='lat' dir='ltr'><strong>consilia</strong></span> <span class='ocrx_word' id='word_1_84' title='bbox 1132 1377 1242 1443; x_wconf 87' lang='lat' dir='ltr'><strong>sortiri</strong></span> <span class='ocrx_word' id='word_1_85' title='bbox 1265 1399 1311 1448; x_wconf 70' lang='lat' dir='ltr'><strong>se:</strong></span> 
     </span>
     <span class='ocr_line' id='line_1_11' title="bbox 119 1481 1311 1568; baseline 0.003 -22"><span class='ocrx_word' id='word_1_86' title='bbox 119 1508 148 1547; x_wconf 81' lang='lat' dir='ltr'><strong>ro</strong></span> <span class='ocrx_word' id='word_1_87' title='bbox 162 1485 331 1567; x_wconf 89' lang='lat' dir='ltr'><strong>menstria,</strong></span> <span class='ocrx_word' id='word_1_88' title='bbox 363 1505 436 1548; x_wconf 87' lang='lat' dir='ltr'><strong>cum</strong></span> <span class='ocrx_word' id='word_1_89' title='bbox 468 1483 586 1566; x_wconf 91' lang='lat' dir='ltr'><strong>quibus</strong></span> <span class='ocrx_word' id='word_1_90' title='bbox 618 1481 656 1546; x_wconf 91' lang='lat' dir='ltr'><strong>de</strong></span> <span class='ocrx_word' id='word_1_91' title='bbox 688 1483 828 1568; x_wconf 83' lang='lat' dir='ltr'><strong>negotiis</strong></span> <span class='ocrx_word' id='word_1_92' title='bbox 859 1482 900 1547; x_wconf 85' lang='lat' dir='ltr'><strong>ad</strong></span> <span class='ocrx_word' id='word_1_93' title='bbox 930 1483 1134 1567; x_wconf 73' lang='lat' dir='ltr'><strong>frequentem</strong></span> <span class='ocrx_word' id='word_1_94' title='bbox 1165 1487 1311 1549; x_wconf 87' lang='lat' dir='ltr'><strong>senatum</strong></span> 
     </span>
     <span class='ocr_line' id='line_1_12' title="bbox 162 1577 1346 1677; baseline 0.004 -22"><span class='ocrx_word' id='word_1_95' title='bbox 162 1590 339 1655; x_wconf 86' lang='lat' dir='ltr'><strong>referendis</strong></span> <span class='ocrx_word' id='word_1_96' title='bbox 367 1594 440 1654; x_wconf 91' lang='lat' dir='ltr'><strong>ante</strong></span> <span class='ocrx_word' id='word_1_97' title='bbox 467 1577 629 1654; x_wconf 87' lang='lat' dir='ltr'><strong>tractaret.</strong></span> <span class='ocrx_word' id='word_1_98' title='bbox 672 1589 847 1653; x_wconf 85' lang='lat' dir='ltr'><strong>sententies</strong></span> <span class='ocrx_word' id='word_1_99' title='bbox 876 1589 914 1653; x_wconf 89' lang='lat' dir='ltr'><strong>de</strong></span> <span class='ocrx_word' id='word_1_100' title='bbox 942 1591 1063 1656; x_wconf 89' lang='lat' dir='ltr'><strong>maiore</strong></span> <span class='ocrx_word' id='word_1_101' title='bbox 1090 1593 1346 1677; x_wconf 66' lang='lat' dir='ltr'><strong>negotionem</strong></span> 
     </span>
     <span class='ocr_line' id='line_1_13' title="bbox 162 1695 1311 1782; baseline 0.002 -21"><span class='ocrx_word' id='word_1_102' title='bbox 162 1719 252 1763; x_wconf 88' lang='lat' dir='ltr'><strong>more</strong></span> <span class='ocrx_word' id='word_1_103' title='bbox 277 1701 373 1779; x_wconf 90' lang='lat' dir='ltr'><strong>atque</strong></span> <span class='ocrx_word' id='word_1_104' title='bbox 396 1697 508 1761; x_wconf 89' lang='lat' dir='ltr'><strong>ordine</strong></span> <span class='ocrx_word' id='word_1_105' title='bbox 532 1695 588 1760; x_wconf 87' lang='lat' dir='ltr'><strong>sed</strong></span> <span class='ocrx_word' id='word_1_106' title='bbox 610 1699 709 1779; x_wconf 91' lang='lat' dir='ltr'><strong>prout</strong></span> <span class='ocrx_word' id='word_1_107' title='bbox 731 1695 881 1760; x_wconf 88' lang='lat' dir='ltr'><strong>libuisset</strong></span> <span class='ocrx_word' id='word_1_108' title='bbox 898 1696 1101 1781; x_wconf 82' lang='lat' dir='ltr'><strong>perrogabat,</strong></span> <span class='ocrx_word' id='word_1_109' title='bbox 1125 1702 1161 1761; x_wconf 90' lang='lat' dir='ltr'><strong>ut</strong></span> <span class='ocrx_word' id='word_1_110' title='bbox 1180 1698 1311 1782; x_wconf 90' lang='lat' dir='ltr'><strong>perinde</strong></span> 
     </span>
     <span class='ocr_line' id='line_1_14' title="bbox 107 1801 1311 1889; baseline 0.001 -21"><span class='ocrx_word' id='word_1_111' title='bbox 107 1875 109 1878; x_wconf 53' lang='grc'><strong>,</strong></span> <span class='ocrx_word' id='word_1_112' title='bbox 162 1805 300 1888; x_wconf 91' lang='lat' dir='ltr'><strong>quisque</strong></span> <span class='ocrx_word' id='word_1_113' title='bbox 323 1805 467 1867; x_wconf 88' lang='lat' dir='ltr'><strong>animum</strong></span> <span class='ocrx_word' id='word_1_114' title='bbox 491 1801 671 1868; x_wconf 85' lang='lat' dir='ltr'><strong>intenderet</strong></span> <span class='ocrx_word' id='word_1_115' title='bbox 693 1823 731 1866; x_wconf 86' lang='lat' dir='ltr'><strong>ac</strong></span> <span class='ocrx_word' id='word_1_116' title='bbox 754 1803 782 1865; x_wconf 91' lang='lat' dir='ltr'><strong>si</strong></span> <span class='ocrx_word' id='word_1_117' title='bbox 806 1802 999 1867; x_wconf 90' lang='lat' dir='ltr'><strong>censendum</strong></span> <span class='ocrx_word' id='word_1_118' title='bbox 1020 1806 1124 1889; x_wconf 80' lang='lat' dir='ltr'><strong>magis</strong></span> <span class='ocrx_word' id='word_1_119' title='bbox 1143 1826 1240 1888; x_wconf 90' lang='lat' dir='ltr'><strong>quam</strong></span> <span class='ocrx_word' id='word_1_120' title='bbox 1259 1805 1311 1868; x_wconf 87' lang='lat' dir='ltr'><strong>sd-</strong></span> 
     </span>
     <span class='ocr_line' id='line_1_15' title="bbox 162 1909 483 1975; baseline -0.003 0"><span class='ocrx_word' id='word_1_121' title='bbox 162 1909 367 1975; x_wconf 87' lang='lat' dir='ltr'><strong>sentiendum</strong></span> <span class='ocrx_word' id='word_1_122' title='bbox 391 1913 483 1974; x_wconf 87' lang='lat' dir='ltr'><strong>esset.</strong></span> 
     </span>
     <span class='ocr_line' id='line_1_16' title="bbox 119 2014 1365 2100; baseline 0.004 -20"><span class='ocrx_word' id='word_1_123' title='bbox 119 2039 147 2080; x_wconf 82' lang='lat' dir='ltr'><strong>re</strong></span> <span class='ocrx_word' id='word_1_124' title='bbox 252 2014 378 2082; x_wconf 81' lang='lat' dir='ltr'><strong>Auctor</strong></span> <span class='ocrx_word' id='word_1_125' title='bbox 405 2020 437 2080; x_wconf 90' lang='lat' dir='ltr'><strong>et</strong></span> <span class='ocrx_word' id='word_1_126' title='bbox 464 2015 600 2081; x_wconf 89' lang='lat' dir='ltr'><strong>aliarum</strong></span> <span class='ocrx_word' id='word_1_127' title='bbox 623 2038 730 2080; x_wconf 89' lang='lat' dir='ltr'><strong>rerum</strong></span> <span class='ocrx_word' id='word_1_128' title='bbox 754 2015 830 2098; x_wconf 84' lang='lat' dir='ltr'><strong>fuit,</strong></span> <span class='ocrx_word' id='word_1_129' title='bbox 854 2017 887 2079; x_wconf 92' lang='lat' dir='ltr'><strong>in</strong></span> <span class='ocrx_word' id='word_1_130' title='bbox 911 2017 996 2100; x_wconf 89' lang='lat' dir='ltr'><strong>quis:</strong></span> <span class='ocrx_word' id='word_1_131' title='bbox 1024 2038 1064 2080; x_wconf 92' lang='lat' dir='ltr'><strong>ne</strong></span> <span class='ocrx_word' id='word_1_132' title='bbox 1087 2022 1159 2081; x_wconf 88' lang='lat' dir='ltr'><strong>acta</strong></span> <span class='ocrx_word' id='word_1_133' title='bbox 1182 2019 1365 2085; x_wconf 79' lang='lat' dir='ltr'><strong>senatus36</strong></span> 
     </span>
     <span class='ocr_line' id='line_1_17' title="bbox 161 2122 1311 2208; baseline 0.002 -21"><span class='ocrx_word' id='word_1_134' title='bbox 161 2124 415 2207; x_wconf 83' lang='lat' dir='ltr'><strong>publicarentur,</strong></span> <span class='ocrx_word' id='word_1_135' title='bbox 437 2145 477 2186; x_wconf 94' lang='lat' dir='ltr'><strong>ne</strong></span> <span class='ocrx_word' id='word_1_136' title='bbox 500 2124 710 2208; x_wconf 72' lang='lat' dir='ltr'><strong>magistratus</strong></span> <span class='ocrx_word' id='word_1_137' title='bbox 734 2122 882 2207; x_wconf 87' lang='lat' dir='ltr'><strong>deposito</strong></span> <span class='ocrx_word' id='word_1_138' title='bbox 905 2122 1028 2188; x_wconf 89' lang='lat' dir='ltr'><strong>honore</strong></span> <span class='ocrx_word' id='word_1_139' title='bbox 1047 2125 1157 2188; x_wconf 92' lang='lat' dir='ltr'><strong>statim</strong></span> <span class='ocrx_word' id='word_1_140' title='bbox 1181 2125 1216 2188; x_wconf 92' lang='lat' dir='ltr'><strong>in</strong></span> <span class='ocrx_word' id='word_1_141' title='bbox 1238 2146 1311 2208; x_wconf 92' lang='lat' dir='ltr'><strong>pro-</strong></span> 
     </span>
     <span class='ocr_line' id='line_1_18' title="bbox 162 2229 1312 2317; baseline 0.002 -23"><span class='ocrx_word' id='word_1_142' title='bbox 162 2232 287 2294; x_wconf 90' lang='lat' dir='ltr'><strong>uincias</strong></span> <span class='ocrx_word' id='word_1_143' title='bbox 306 2231 520 2312; x_wconf 87' lang='lat' dir='ltr'><strong>mitterentur,</strong></span> <span class='ocrx_word' id='word_1_144' title='bbox 539 2234 576 2293; x_wconf 91' lang='lat' dir='ltr'><strong>ut</strong></span> <span class='ocrx_word' id='word_1_145' title='bbox 594 2230 842 2313; x_wconf 87' lang='lat' dir='ltr'><strong>proconsulibus</strong></span> <span class='ocrx_word' id='word_1_146' title='bbox 862 2230 901 2293; x_wconf 86' lang='lat' dir='ltr'><strong>ad</strong></span> <span class='ocrx_word' id='word_1_147' title='bbox 919 2229 1026 2294; x_wconf 91' lang='lat' dir='ltr'><strong>mulos</strong></span> <span class='ocrx_word' id='word_1_148' title='bbox 1045 2235 1077 2293; x_wconf 91' lang='lat' dir='ltr'><strong>et</strong></span> <span class='ocrx_word' id='word_1_149' title='bbox 1096 2231 1312 2317; x_wconf 87' lang='lat' dir='ltr'><strong>tabernacula,</strong></span> 
     </span>
     <span class='ocr_line' id='line_1_19' title="bbox 162 2335 1311 2421; baseline 0.003 -22"><span class='ocrx_word' id='word_1_150' title='bbox 162 2358 245 2420; x_wconf 88' lang='lat' dir='ltr'><strong>quae</strong></span> <span class='ocrx_word' id='word_1_151' title='bbox 268 2335 396 2420; x_wconf 89' lang='lat' dir='ltr'><strong>publice</strong></span> <span class='ocrx_word' id='word_1_152' title='bbox 420 2336 520 2400; x_wconf 87' lang='lat' dir='ltr'><strong>locari</strong></span> <span class='ocrx_word' id='word_1_153' title='bbox 539 2336 694 2419; x_wconf 87' lang='lat' dir='ltr'><strong>solebant,</strong></span> <span class='ocrx_word' id='word_1_154' title='bbox 718 2339 805 2400; x_wconf 87' lang='lat' dir='ltr'><strong>certa</strong></span> <span class='ocrx_word' id='word_1_155' title='bbox 829 2337 965 2419; x_wconf 90' lang='lat' dir='ltr'><strong>pecunia</strong></span> <span class='ocrx_word' id='word_1_156' title='bbox 989 2337 1252 2421; x_wconf 86' lang='lat' dir='ltr'><strong>constitueretur,</strong></span> <span class='ocrx_word' id='word_1_157' title='bbox 1275 2343 1311 2403; x_wconf 89' lang='lat' dir='ltr'><strong>ut</strong></span> 
     </span>
    </p>
   </div>
   <div class='ocr_carea' id='block_1_3' title="bbox 163 2443 1311 2528">
    <p class='ocr_par' dir='ltr' id='par_1_3' title="bbox 163 2443 1311 2528">
     <span class='ocr_line' id='line_1_20' title="bbox 163 2443 1311 2528; baseline 0.002 -20"><span class='ocrx_word' id='word_1_158' title='bbox 163 2465 241 2508; x_wconf 86' lang='lat' dir='ltr'><strong>cura</strong></span> <span class='ocrx_word' id='word_1_159' title='bbox 264 2443 367 2508; x_wconf 87' lang='lat' dir='ltr'><strong>aerari</strong></span> <span class='ocrx_word' id='word_1_160' title='bbox 390 2467 409 2506; x_wconf 90' lang='lat' dir='ltr'><strong>a</strong></span> <span class='ocrx_word' id='word_1_161' title='bbox 434 2444 661 2527; x_wconf 84' lang='lat' dir='ltr'><strong>quaestoribus</strong></span> <span class='ocrx_word' id='word_1_162' title='bbox 684 2443 816 2507; x_wconf 89' lang='lat' dir='ltr'><strong>urbanis</strong></span> <span class='ocrx_word' id='word_1_163' title='bbox 840 2443 880 2506; x_wconf 89' lang='lat' dir='ltr'><strong>ad</strong></span> <span class='ocrx_word' id='word_1_164' title='bbox 903 2445 1083 2527; x_wconf 89' lang='lat' dir='ltr'><strong>praetorios</strong></span> <span class='ocrx_word' id='word_1_165' title='bbox 1106 2449 1311 2528; x_wconf 84' lang='lat' dir='ltr'><strong>praetoresue</strong></span> 
     </span>
    </p>
   </div>
   <div class='ocr_carea' id='block_1_4' title="bbox 9 2549 1312 2634">
    <p class='ocr_par' dir='ltr' id='par_1_4' title="bbox 9 2549 1312 2634">
     <span class='ocr_line' id='line_1_21' title="bbox 9 2549 1312 2634; baseline 0.002 -21"><span class='ocrx_word' id='word_1_166' title='bbox 9 2593 11 2626; x_wconf 60' lang='lat' dir='ltr'><strong>r</strong></span> <span class='ocrx_word' id='word_1_167' title='bbox 120 2575 148 2613; x_wconf 85' lang='lat' dir='ltr'><strong>ao</strong></span> <span class='ocrx_word' id='word_1_168' title='bbox 161 2551 326 2634; x_wconf 81' lang='lat' dir='ltr'><strong>transiret,</strong></span> <span class='ocrx_word' id='word_1_169' title='bbox 349 2554 385 2614; x_wconf 93' lang='lat' dir='ltr'><strong>ut</strong></span> <span class='ocrx_word' id='word_1_170' title='bbox 413 2549 676 2615; x_wconf 84' lang='lat' dir='ltr'><strong>centumuiralem</strong></span> <span class='ocrx_word' id='word_1_171' title='bbox 705 2549 832 2614; x_wconf 87' lang='lat' dir='ltr'><strong>hastam</strong></span> <span class='ocrx_word' id='word_1_172' title='bbox 857 2572 953 2633; x_wconf 90' lang='lat' dir='ltr'><strong>quam</strong></span> <span class='ocrx_word' id='word_1_173' title='bbox 979 2555 1185 2634; x_wconf 84' lang='lat' dir='ltr'><strong>quaesturam</strong></span> <span class='ocrx_word' id='word_1_174' title='bbox 1208 2551 1312 2616; x_wconf 83' lang='lat' dir='ltr'><strong>iuneti</strong></span> 
     </span>
    </p>
   </div>
   <div class='ocr_carea' id='block_1_5' title="bbox 114 2657 1363 2954">
    <p class='ocr_par' dir='ltr' id='par_1_5' title="bbox 114 2657 1363 2954">
     <span class='ocr_line' id='line_1_22' title="bbox 114 2657 1363 2743; baseline 0.002 -22"><span class='ocrx_word' id='word_1_175' title='bbox 114 2687 116 2690; x_wconf 94' lang='lat'>·</span> <span class='ocrx_word' id='word_1_176' title='bbox 163 2660 357 2722; x_wconf 89' lang='lat' dir='ltr'><strong>consuerant</strong></span> <span class='ocrx_word' id='word_1_177' title='bbox 380 2679 494 2743; x_wconf 79' lang='lat' dir='ltr'><strong>cogere</strong></span> <span class='ocrx_word' id='word_1_178' title='bbox 514 2657 685 2720; x_wconf 89' lang='lat' dir='ltr'><strong>decemuiri</strong></span> <span class='ocrx_word' id='word_1_179' title='bbox 705 2661 865 2742; x_wconf 83' lang='lat' dir='ltr'><strong>cogerent.</strong></span> <span class='ocrx_word' id='word_1_180' title='bbox 907 2679 1037 2741; x_wconf 90' lang='lat' dir='ltr'><strong>quoque</strong></span> <span class='ocrx_word' id='word_1_181' title='bbox 1054 2657 1164 2742; x_wconf 86' lang='lat' dir='ltr'><strong>plures</strong></span> <span class='ocrx_word' id='word_1_182' title='bbox 1186 2659 1363 2742; x_wconf 65' lang='lat' dir='ltr'><strong>partemii?</strong></span> 
     </span>
     <span class='ocr_line' id='line_1_23' title="bbox 161 2763 1312 2848; baseline 0.003 -22"><span class='ocrx_word' id='word_1_183' title='bbox 161 2763 435 2828; x_wconf 86' lang='lat' dir='ltr'><strong>administrandae</strong></span> <span class='ocrx_word' id='word_1_184' title='bbox 463 2765 509 2828; x_wconf 89' lang='lat' dir='ltr'><strong>rei</strong></span> <span class='ocrx_word' id='word_1_185' title='bbox 534 2768 752 2848; x_wconf 80' lang='lat' dir='ltr'><strong>pauperent,</strong></span> <span class='ocrx_word' id='word_1_186' title='bbox 780 2785 865 2828; x_wconf 89' lang='lat' dir='ltr'><strong>noua</strong></span> <span class='ocrx_word' id='word_1_187' title='bbox 891 2764 999 2829; x_wconf 82' lang='lat' dir='ltr'><strong>officia</strong></span> <span class='ocrx_word' id='word_1_188' title='bbox 1022 2765 1233 2848; x_wconf 84' lang='lat' dir='ltr'><strong>excogitauit:</strong></span> <span class='ocrx_word' id='word_1_189' title='bbox 1261 2788 1312 2829; x_wconf 87' lang='lat' dir='ltr'><strong>ou-</strong></span> 
     </span>
     <span class='ocr_line' id='line_1_24' title="bbox 162 2870 1313 2954; baseline 0.001 -19"><span class='ocrx_word' id='word_1_190' title='bbox 162 2893 233 2934; x_wconf 86' lang='lat' dir='ltr'><strong>ram</strong></span> <span class='ocrx_word' id='word_1_191' title='bbox 257 2891 391 2954; x_wconf 88' lang='lat' dir='ltr'><strong>operum</strong></span> <span class='ocrx_word' id='word_1_192' title='bbox 409 2870 624 2954; x_wconf 91' lang='lat' dir='ltr'><strong>publicorum,</strong></span> <span class='ocrx_word' id='word_1_193' title='bbox 647 2871 783 2953; x_wconf 86' lang='lat' dir='ltr'><strong>uiarum,</strong></span> <span class='ocrx_word' id='word_1_194' title='bbox 807 2891 972 2953; x_wconf 85' lang='lat' dir='ltr'><strong>aquarum,</strong></span> <span class='ocrx_word' id='word_1_195' title='bbox 991 2870 1075 2934; x_wconf 89' lang='lat' dir='ltr'><strong>aluei</strong></span> <span class='ocrx_word' id='word_1_196' title='bbox 1093 2871 1228 2954; x_wconf 79' lang='lat' dir='ltr'><strong>Tiberis,</strong></span> <span class='ocrx_word' id='word_1_197' title='bbox 1247 2873 1313 2937; x_wconf 86' lang='lat' dir='ltr'><strong>iru-</strong></span> 
     </span>
    </p>
   </div>
   <div class='ocr_carea' id='block_1_6' title="bbox 162 2977 1492 3076">
    <p class='ocr_par' dir='ltr' id='par_1_6' title="bbox 162 2977 1492 3076">
     <span class='ocr_line' id='line_1_25' title="bbox 162 2977 1492 3076; baseline 0.002 -36"><span class='ocrx_word' id='word_1_198' title='bbox 162 2978 265 3040; x_wconf 89' lang='lat' dir='ltr'><strong>menti</strong></span> <span class='ocrx_word' id='word_1_199' title='bbox 297 2977 418 3060; x_wconf 91' lang='lat' dir='ltr'><strong>populo</strong></span> <span class='ocrx_word' id='word_1_200' title='bbox 451 2977 633 3060; x_wconf 80' lang='lat' dir='ltr'><strong>diuidendi,</strong></span> <span class='ocrx_word' id='word_1_201' title='bbox 669 2977 903 3060; x_wconf 87' lang='lat' dir='ltr'><strong>praefecturam</strong></span> <span class='ocrx_word' id='word_1_202' title='bbox 936 2977 1038 3059; x_wconf 90' lang='lat' dir='ltr'><strong>urbis,</strong></span> <span class='ocrx_word' id='word_1_203' title='bbox 1072 2979 1313 3070; x_wconf 83' lang='lat' dir='ltr'><strong>triumuiratum</strong></span> <span class='ocrx_word' id='word_1_204' title='bbox 1388 3019 1408 3076; x_wconf 43' lang='lat'><em>3</em></span> <span class='ocrx_word' id='word_1_205' title='bbox 1487 3060 1492 3069; x_wconf 28' lang='grc' dir='ltr'>Ι</span> 
     </span>
    </p>
   </div>
   <div class='ocr_carea' id='block_1_7' title="bbox 119 3082 1314 3277">
    <p class='ocr_par' dir='ltr' id='par_1_7' title="bbox 119 3082 1314 3277">
     <span class='ocr_line' id='line_1_26' title="bbox 119 3082 1312 3182; baseline 0.003 -36"><span class='ocrx_word' id='word_1_206' title='bbox 119 3082 291 3167; x_wconf 73' lang='lat' dir='ltr'><strong>relegendi</strong></span> <span class='ocrx_word' id='word_1_207' title='bbox 323 3087 452 3182; x_wconf 79' lang='lat' dir='ltr'><strong>senatus</strong></span> <span class='ocrx_word' id='word_1_208' title='bbox 488 3089 520 3148; x_wconf 92' lang='lat' dir='ltr'><strong>et</strong></span> <span class='ocrx_word' id='word_1_209' title='bbox 549 3084 686 3148; x_wconf 87' lang='lat' dir='ltr'><strong>alterum</strong></span> <span class='ocrx_word' id='word_1_210' title='bbox 722 3084 971 3169; x_wconf 80' lang='lat' dir='ltr'><strong>recognoscendi</strong></span> <span class='ocrx_word' id='word_1_211' title='bbox 1004 3088 1128 3149; x_wconf 88' lang='lat' dir='ltr'><strong>turmas</strong></span> <span class='ocrx_word' id='word_1_212' title='bbox 1158 3089 1312 3171; x_wconf 89' lang='lat' dir='ltr'><strong>equitnm,</strong></span> 
     </span>
     <span class='ocr_line' id='line_1_27' title="bbox 163 3189 1314 3277; baseline 0.005 -25"><span class='ocrx_word' id='word_1_213' title='bbox 163 3189 381 3272; x_wconf 87' lang='lat' dir='ltr'><strong>quotiensque</strong></span> <span class='ocrx_word' id='word_1_214' title='bbox 410 3213 491 3274; x_wconf 90' lang='lat' dir='ltr'><strong>opus</strong></span> <span class='ocrx_word' id='word_1_215' title='bbox 519 3195 610 3254; x_wconf 89' lang='lat' dir='ltr'><strong>esset.</strong></span> <span class='ocrx_word' id='word_1_216' title='bbox 654 3211 800 3254; x_wconf 89' lang='lat' dir='ltr'><strong>censores</strong></span> <span class='ocrx_word' id='word_1_217' title='bbox 824 3190 925 3254; x_wconf 89' lang='lat' dir='ltr'><strong>creari</strong></span> <span class='ocrx_word' id='word_1_218' title='bbox 953 3189 1072 3254; x_wconf 89' lang='lat' dir='ltr'><strong>desitos</strong></span> <span class='ocrx_word' id='word_1_219' title='bbox 1095 3192 1193 3277; x_wconf 84' lang='lat' dir='ltr'><strong>longo</strong></span> <span class='ocrx_word' id='word_1_220' title='bbox 1217 3193 1314 3258; x_wconf 91' lang='lat' dir='ltr'><strong>inter·</strong></span> 
     </span>
    </p>
   </div>
   <div class='ocr_carea' id='block_1_8' title="bbox 161 3294 1482 3382">
    <p class='ocr_par' dir='ltr' id='par_1_8' title="bbox 161 3294 1482 3385">
     <span class='ocr_line' id='line_1_28' title="bbox 161 3294 1482 3382; baseline 0.005 -24"><span class='ocrx_word' id='word_1_221' title='bbox 161 3294 251 3358; x_wconf 88' lang='lat' dir='ltr'><strong>uallo</strong></span> <span class='ocrx_word' id='word_1_222' title='bbox 280 3298 410 3360; x_wconf 89' lang='lat' dir='ltr'><strong>creauit.</strong></span> <span class='ocrx_word' id='word_1_223' title='bbox 452 3319 624 3361; x_wconf 91' lang='lat' dir='ltr'><strong>numerum</strong></span> <span class='ocrx_word' id='word_1_224' title='bbox 651 3300 836 3382; x_wconf 90' lang='lat' dir='ltr'><strong>praetorum</strong></span> <span class='ocrx_word' id='word_1_225' title='bbox 864 3299 963 3362; x_wconf 87' lang='lat' dir='ltr'><strong>auxit.</strong></span> <span class='ocrx_word' id='word_1_226' title='bbox 1005 3300 1111 3382; x_wconf 84' lang='lat' dir='ltr'><strong>exegit</strong></span> <span class='ocrx_word' id='word_1_227' title='bbox 1139 3300 1250 3380; x_wconf 90' lang='lat' dir='ltr'><strong>etiam,</strong></span> <span class='ocrx_word' id='word_1_228' title='bbox 1277 3306 1314 3365; x_wconf 91' lang='lat' dir='ltr'><strong>ut</strong></span> <span class='ocrx_word' id='word_1_229' title='bbox 1471 3345 1482 3365; x_wconf 68' lang='lat'><strong>,-</strong></span> 
     </span>
    </p>
   </div>
   <div class='ocr_carea' id='block_1_9' title="bbox 163 3386 1451 3493">
    <p class='ocr_par' dir='ltr' id='par_1_9' title="bbox 163 3386 1451 3493">
     <span class='ocr_line' id='line_1_29' title="bbox 163 3386 1451 3493; baseline 0.006 -29"><span class='ocrx_word' id='word_1_230' title='bbox 163 3401 316 3483; x_wconf 89' lang='lat' dir='ltr'><strong>quotiens</strong></span> <span class='ocrx_word' id='word_1_231' title='bbox 345 3403 530 3468; x_wconf 89' lang='lat' dir='ltr'><strong>consulatus</strong></span> <span class='ocrx_word' id='word_1_232' title='bbox 558 3404 620 3468; x_wconf 90' lang='lat' dir='ltr'><strong>sibi</strong></span> <span class='ocrx_word' id='word_1_233' title='bbox 644 3403 785 3486; x_wconf 87' lang='lat' dir='ltr'><strong>deretur,</strong></span> <span class='ocrx_word' id='word_1_234' title='bbox 813 3403 907 3468; x_wconf 87' lang='lat' dir='ltr'><strong>binos</strong></span> <span class='ocrx_word' id='word_1_235' title='bbox 931 3426 990 3488; x_wconf 90' lang='lat' dir='ltr'><strong>pro</strong></span> <span class='ocrx_word' id='word_1_236' title='bbox 1014 3405 1150 3490; x_wconf 82' lang='lat' dir='ltr'><strong>singulis</strong></span> <span class='ocrx_word' id='word_1_237' title='bbox 1174 3406 1313 3493; x_wconf 85' lang='lat' dir='ltr'><strong>collegas</strong></span> <span class='ocrx_word' id='word_1_238' title='bbox 1363 3386 1380 3411; x_wconf 33' lang='lat' dir='ltr'><strong>i</strong></span> <span class='ocrx_word' id='word_1_239' title='bbox 1442 3402 1451 3416; x_wconf 79' lang='lat'><strong><em>‘</em></strong></span> 
     </span>
    </p>
   </div>
   <div class='ocr_carea' id='block_1_10' title="bbox 237 3623 1126 3696">
    <p class='ocr_par' dir='ltr' id='par_1_10' title="bbox 237 3623 1126 3696">
     <span class='ocr_line' id='line_1_30' title="bbox 237 3623 1126 3696; baseline 0.003 -20"><span class='ocrx_word' id='word_1_240' title='bbox 237 3629 271 3676; x_wconf 80' lang='lat'><strong>23</strong></span> <span class='ocrx_word' id='word_1_241' title='bbox 290 3624 326 3689; x_wconf 75' lang='lat' dir='ltr'><strong>cf.</strong></span> <span class='ocrx_word' id='word_1_242' title='bbox 347 3624 419 3693; x_wconf 71' lang='lat' dir='ltr'><strong>lsyd.</strong></span> <span class='ocrx_word' id='word_1_243' title='bbox 434 3625 467 3678; x_wconf 82' lang='lat' dir='ltr'><strong>de</strong></span> <span class='ocrx_word' id='word_1_244' title='bbox 485 3642 555 3694; x_wconf 71' lang='lat' dir='ltr'><strong>may.</strong></span> <span class='ocrx_word' id='word_1_245' title='bbox 571 3630 597 3689; x_wconf 88' lang='lat'><strong>1,</strong></span> <span class='ocrx_word' id='word_1_246' title='bbox 608 3628 642 3677; x_wconf 81' lang='lat'><strong>34</strong></span> <span class='ocrx_word' id='word_1_247' title='bbox 662 3625 744 3694; x_wconf 76' lang='lat' dir='ltr'><strong>(Suet.</strong></span> <span class='ocrx_word' id='word_1_248' title='bbox 764 3625 810 3676; x_wconf 83' lang='lat' dir='ltr'><strong>rel.</strong></span> <span class='ocrx_word' id='word_1_249' title='bbox 830 3624 869 3676; x_wconf 84' lang='lat' dir='ltr'><strong>ed.</strong></span> <span class='ocrx_word' id='word_1_250' title='bbox 890 3623 972 3689; x_wconf 75' lang='lat' dir='ltr'><strong>Reiff.</strong></span> <span class='ocrx_word' id='word_1_251' title='bbox 992 3625 1045 3694; x_wconf 78' lang='lat' dir='ltr'><strong>srp.</strong></span> <span class='ocrx_word' id='word_1_252' title='bbox 1060 3628 1126 3696; x_wconf 82' lang='lat'><em>200)</em></span> 
     </span>
    </p>
   </div>
   <div class='ocr_carea' id='block_1_11' title="bbox 163 3843 1317 4556">
    <p class='ocr_par' dir='ltr' id='par_1_11' title="bbox 163 3843 1317 4556">
     <span class='ocr_line' id='line_1_31' title="bbox 237 3843 1313 3917; baseline 0.003 -16"><span class='ocrx_word' id='word_1_253' title='bbox 237 3846 361 3902; x_wconf 85' lang='lat' dir='ltr'><strong>letiam</strong></span> <span class='ocrx_word' id='word_1_254' title='bbox 379 3861 428 3900; x_wconf 85' lang='lat' dir='ltr'><strong>om.</strong></span> <span class='ocrx_word' id='word_1_255' title='bbox 442 3847 491 3900; x_wconf 84' lang='lat' dir='ltr'><strong>VS</strong></span> <span class='ocrx_word' id='word_1_256' title='bbox 579 3843 778 3898; x_wconf 86' lang='lat' dir='ltr'><strong>excusantibus</strong></span> <span class='ocrx_word' id='word_1_257' title='bbox 797 3845 873 3914; x_wconf 75' lang='lat' dir='ltr'><strong>culp.</strong></span> <span class='ocrx_word' id='word_1_258' title='bbox 898 3844 1062 3912; x_wconf 73' lang='lat' dir='ltr'><strong>(eddilam.</strong></span> <span class='ocrx_word' id='word_1_259' title='bbox 1080 3849 1203 3917; x_wconf 77' lang='lat' dir='ltr'><strong>VeraI),</strong></span> <span class='ocrx_word' id='word_1_260' title='bbox 1232 3866 1313 3904; x_wconf 90' lang='lat' dir='ltr'><strong>excu-</strong></span> 
     </span>
     <span class='ocr_line' id='line_1_32' title="bbox 163 3923 1315 3995; baseline 0.002 -13"><span class='ocrx_word' id='word_1_261' title='bbox 163 3927 255 3982; x_wconf 82' lang='lat' dir='ltr'><strong>santis</strong></span> <span class='ocrx_word' id='word_1_262' title='bbox 267 3927 330 3983; x_wconf 75' lang='lat' dir='ltr'><strong>Me</strong></span> <span class='ocrx_word' id='word_1_263' title='bbox 337 3927 447 3993; x_wconf 79' lang='lat' dir='ltr'><strong>VLPs,</strong></span> <span class='ocrx_word' id='word_1_264' title='bbox 462 3928 627 3979; x_wconf 87' lang='lat' dir='ltr'><strong>excusantes</strong></span> <span class='ocrx_word' id='word_1_265' title='bbox 639 3928 672 3991; x_wconf 76' lang='lat' dir='ltr'><strong>Y,</strong></span> <span class='ocrx_word' id='word_1_266' title='bbox 687 3923 827 3978; x_wconf 84' lang='lat' dir='ltr'><strong>excusetis</strong></span> <span class='ocrx_word' id='word_1_267' title='bbox 841 3926 886 3983; x_wconf 86' lang='grc' dir='ltr'><strong>Τς</strong></span> <span class='ocrx_word' id='word_1_268' title='bbox 902 3925 993 3994; x_wconf 75' lang='lat' dir='ltr'><strong>(Grec</strong></span> <span class='ocrx_word' id='word_1_269' title='bbox 1003 3926 1085 3995; x_wconf 81' lang='lat' dir='ltr'><strong>Roth)</strong></span> <span class='ocrx_word' id='word_1_270' title='bbox 1140 3934 1157 3980; x_wconf 83' lang='lat'>4</span> <span class='ocrx_word' id='word_1_271' title='bbox 1171 3929 1252 3984; x_wconf 89' lang='lat' dir='ltr'><strong>thure</strong></span> <span class='ocrx_word' id='word_1_272' title='bbox 1263 3935 1315 3984; x_wconf 82' lang='grc' dir='ltr'><strong>ΧΤ</strong></span> 
     </span>
     <span class='ocr_line' id='line_1_33' title="bbox 164 4003 1314 4080; baseline 0.002 -18"><span class='ocrx_word' id='word_1_273' title='bbox 164 4008 231 4062; x_wconf 74' lang='lat' dir='ltr'><strong>ein</strong></span> <span class='ocrx_word' id='word_1_274' title='bbox 245 4009 296 4063; x_wconf 85' lang='lat' dir='ltr'><strong>del.</strong></span> <span class='ocrx_word' id='word_1_275' title='bbox 307 4007 423 4078; x_wconf 80' lang='lat' dir='ltr'><strong>Bentley</strong></span> <span class='ocrx_word' id='word_1_276' title='bbox 496 4008 697 4060; x_wconf 82' lang='lat' dir='ltr'><strong>9semenstres</strong></span> <span class='ocrx_word' id='word_1_277' title='bbox 715 4005 741 4058; x_wconf 68' lang='lat'><strong>(1¹</strong></span> <span class='ocrx_word' id='word_1_278' title='bbox 810 4010 843 4057; x_wconf 78' lang='lat'><strong>12</strong></span> <span class='ocrx_word' id='word_1_279' title='bbox 862 4003 1002 4076; x_wconf 78' lang='lat' dir='ltr'><strong>(uetere)</strong></span> <span class='ocrx_word' id='word_1_280' title='bbox 1016 4024 1093 4060; x_wconf 90' lang='lat' dir='ltr'><strong>more</strong></span> <span class='ocrx_word' id='word_1_281' title='bbox 1108 4009 1196 4063; x_wconf 79' lang='lat' dir='ltr'><strong>Polole</strong></span> <span class='ocrx_word' id='word_1_282' title='bbox 1250 4017 1314 4080; x_wconf 81' lang='lat' dir='ltr'><strong>pro-</strong></span> 
     </span>
     <span class='ocr_line' id='line_1_34' title="bbox 163 4079 1314 4159; baseline 0.001 -18"><span class='ocrx_word' id='word_1_283' title='bbox 163 4089 255 4159; x_wconf 81' lang='lat' dir='ltr'><strong>gabat</strong></span> <span class='ocrx_word' id='word_1_284' title='bbox 270 4089 296 4142; x_wconf 84' lang='lat' dir='ltr'><em>G</em></span> <span class='ocrx_word' id='word_1_285' title='bbox 383 4093 416 4140; x_wconf 86' lang='grc'><strong>16</strong></span> <span class='ocrx_word' id='word_1_286' title='bbox 436 4085 564 4155; x_wconf 89' lang='lat' dir='ltr'><strong>deposito</strong></span> <span class='ocrx_word' id='word_1_287' title='bbox 585 4103 601 4145; x_wconf 89' lang='grc' dir='ltr'><em>ς</em></span> <span class='ocrx_word' id='word_1_288' title='bbox 620 4086 689 4154; x_wconf 82' lang='lat' dir='ltr'><strong>(edd.</strong></span> <span class='ocrx_word' id='word_1_289' title='bbox 710 4085 788 4139; x_wconf 74' lang='lat' dir='ltr'><strong>Rom</strong></span> <span class='ocrx_word' id='word_1_290' title='bbox 810 4087 875 4139; x_wconf 78' lang='lat' dir='ltr'><strong>Vera.</strong></span> <span class='ocrx_word' id='word_1_291' title='bbox 890 4085 935 4151; x_wconf 84' lang='lat' dir='ltr'><strong>l),</strong></span> <span class='ocrx_word' id='word_1_292' title='bbox 959 4085 1097 4155; x_wconf 87' lang='lat' dir='ltr'><strong>disposito</strong></span> <span class='ocrx_word' id='word_1_293' title='bbox 1116 4091 1143 4141; x_wconf 74' lang='grc' dir='ltr'><em>Ω</em></span> <span class='ocrx_word' id='word_1_294' title='bbox 1230 4095 1262 4143; x_wconf 82' lang='grc'><strong>17</strong></span> <span class='ocrx_word' id='word_1_295' title='bbox 1282 4079 1314 4146; x_wconf 82' lang='lat' dir='ltr'><strong>ut</strong></span> 
     </span>
     <span class='ocr_line' id='line_1_35' title="bbox 163 4165 1312 4240; baseline 0.001 -16"><span class='ocrx_word' id='word_1_296' title='bbox 163 4186 215 4224; x_wconf 77' lang='lat' dir='ltr'><strong>oen.</strong></span> <span class='ocrx_word' id='word_1_297' title='bbox 228 4169 265 4222; x_wconf 88' lang='lat' dir='ltr'><em>M</em></span> <span class='ocrx_word' id='word_1_298' title='bbox 281 4167 505 4238; x_wconf 88' lang='lat' dir='ltr'><strong>(proconsulibus</strong></span> <span class='ocrx_word' id='word_1_299' title='bbox 527 4166 564 4219; x_wconf 84' lang='lat' dir='ltr'><strong>ed</strong></span> <span class='ocrx_word' id='word_1_300' title='bbox 582 4165 875 4232; x_wconf 78' lang='lat' dir='ltr'><strong>mulosc&#39;rcras.m.1)</strong></span> <span class='ocrx_word' id='word_1_301' title='bbox 947 4171 981 4217; x_wconf 83' lang='lat'><strong>20</strong></span> <span class='ocrx_word' id='word_1_302' title='bbox 1001 4171 1153 4234; x_wconf 87' lang='lat' dir='ltr'><strong>quaestura</strong></span> <span class='ocrx_word' id='word_1_303' title='bbox 1172 4172 1246 4240; x_wconf 70' lang='lat' dir='ltr'><strong>culp.</strong></span> <span class='ocrx_word' id='word_1_304' title='bbox 1262 4173 1312 4240; x_wconf 85' lang='lat' dir='ltr'><strong>(ed.</strong></span> 
     </span>
     <span class='ocr_line' id='line_1_36' title="bbox 164 4247 1315 4318; baseline 0.003 -16"><span class='ocrx_word' id='word_1_305' title='bbox 164 4250 265 4318; x_wconf 71' lang='lat' dir='ltr'><strong>Rom),</strong></span> <span class='ocrx_word' id='word_1_306' title='bbox 284 4249 334 4302; x_wconf 81' lang='lat' dir='ltr'><strong>boc</strong></span> <span class='ocrx_word' id='word_1_307' title='bbox 352 4249 408 4302; x_wconf 86' lang='lat' dir='ltr'><strong>loco</strong></span> <span class='ocrx_word' id='word_1_308' title='bbox 426 4248 526 4302; x_wconf 77' lang='lat' dir='ltr'><strong>rectius</strong></span> <span class='ocrx_word' id='word_1_309' title='bbox 544 4249 643 4315; x_wconf 77' lang='lat' dir='ltr'><strong>opinor</strong></span> <span class='ocrx_word' id='word_1_310' title='bbox 720 4253 752 4299; x_wconf 81' lang='lat'><strong>21</strong></span> <span class='ocrx_word' id='word_1_311' title='bbox 774 4249 978 4298; x_wconf 85' lang='lat' dir='ltr'><strong>consueuerant</strong></span> <span class='ocrx_word' id='word_1_312' title='bbox 994 4247 1078 4302; x_wconf 83' lang='lat' dir='ltr'><strong>VRT</strong></span> <span class='ocrx_word' id='word_1_313' title='bbox 1147 4255 1180 4302; x_wconf 77' lang='grc'><strong>23</strong></span> <span class='ocrx_word' id='word_1_314' title='bbox 1200 4252 1315 4305; x_wconf 69' lang='lat' dir='ltr'><strong>uariari</strong></span> 
     </span>
     <span class='ocr_line' id='line_1_37' title="bbox 164 4327 1317 4401; baseline 0.004 -19"><span class='ocrx_word' id='word_1_315' title='bbox 164 4331 207 4399; x_wconf 75' lang='lat' dir='ltr'><strong>(ire</strong></span> <span class='ocrx_word' id='word_1_316' title='bbox 220 4329 287 4396; x_wconf 83' lang='lat' dir='ltr'><strong>ras.)</strong></span> <span class='ocrx_word' id='word_1_317' title='bbox 303 4333 367 4396; x_wconf 83' lang='lat' dir='ltr'><strong>post</strong></span> <span class='ocrx_word' id='word_1_318' title='bbox 380 4327 490 4380; x_wconf 86' lang='lat' dir='ltr'><strong>uiarum</strong></span> <span class='ocrx_word' id='word_1_319' title='bbox 505 4327 570 4380; x_wconf 81' lang='lat' dir='ltr'><strong>add.</strong></span> <span class='ocrx_word' id='word_1_320' title='bbox 583 4329 626 4392; x_wconf 88' lang='lat' dir='ltr'><strong>M,</strong></span> <span class='ocrx_word' id='word_1_321' title='bbox 644 4333 736 4380; x_wconf 75' lang='lat' dir='ltr'><strong>tuetur</strong></span> <span class='ocrx_word' id='word_1_322' title='bbox 747 4328 901 4380; x_wconf 73' lang='lat' dir='ltr'><strong>Mommsen</strong></span> <span class='ocrx_word' id='word_1_323' title='bbox 965 4332 998 4379; x_wconf 79' lang='lat'><strong>24</strong></span> <span class='ocrx_word' id='word_1_324' title='bbox 1014 4327 1170 4383; x_wconf 89' lang='lat' dir='ltr'><strong>diuidundo</strong></span> <span class='ocrx_word' id='word_1_325' title='bbox 1182 4333 1220 4386; x_wconf 89' lang='lat' dir='ltr'><em>M</em></span> <span class='ocrx_word' id='word_1_326' title='bbox 1235 4335 1317 4401; x_wconf 76' lang='lat' dir='ltr'><strong>(eleut</strong></span> 
     </span>
     <span class='ocr_line' id='line_1_38' title="bbox 163 4404 1315 4482; baseline 0.002 -18"><span class='ocrx_word' id='word_1_327' title='bbox 163 4414 248 4465; x_wconf 76' lang='lat' dir='ltr'><strong>cretea</strong></span> <span class='ocrx_word' id='word_1_328' title='bbox 261 4408 422 4476; x_wconf 81' lang='lat' dir='ltr'><strong>frumento),</strong></span> <span class='ocrx_word' id='word_1_329' title='bbox 438 4405 585 4460; x_wconf 87' lang='lat' dir='ltr'><strong>diuidendi</strong></span> <span class='ocrx_word' id='word_1_330' title='bbox 596 4405 661 4458; x_wconf 76' lang='lat' dir='ltr'><strong>X&#39;T</strong></span> <span class='ocrx_word' id='word_1_331' title='bbox 746 4411 779 4459; x_wconf 79' lang='lat'><strong>26</strong></span> <span class='ocrx_word' id='word_1_332' title='bbox 799 4404 1050 4475; x_wconf 88' lang='lat' dir='ltr'><strong>quotienscumque</strong></span> <span class='ocrx_word' id='word_1_333' title='bbox 1065 4411 1138 4480; x_wconf 75' lang='lat' dir='ltr'><strong>culp.</strong></span> <span class='ocrx_word' id='word_1_334' title='bbox 1155 4412 1205 4478; x_wconf 86' lang='lat' dir='ltr'><strong>(ed.</strong></span> <span class='ocrx_word' id='word_1_335' title='bbox 1216 4413 1315 4482; x_wconf 72' lang='lat' dir='ltr'><strong>Rom),</strong></span> 
     </span>
     <span class='ocr_line' id='line_1_39' title="bbox 164 4486 777 4556; baseline -0.007 -14"><span class='ocrx_word' id='word_1_336' title='bbox 164 4490 201 4556; x_wconf 75' lang='lat' dir='ltr'><strong>cf.</strong></span> <span class='ocrx_word' id='word_1_337' title='bbox 222 4489 309 4544; x_wconf 76' lang='lat' dir='ltr'><strong>oacr</strong></span> <span class='ocrx_word' id='word_1_338' title='bbox 382 4493 415 4541; x_wconf 72' lang='lat' dir='ltr'><strong>ul</strong></span> <span class='ocrx_word' id='word_1_339' title='bbox 434 4486 581 4541; x_wconf 83' lang='lat' dir='ltr'><strong>reuocauit</strong></span> <span class='ocrx_word' id='word_1_340' title='bbox 600 4487 777 4541; x_wconf 80' lang='lat' dir='ltr'><strong>Halbertsma</strong></span> 
     </span>
    </p>
   </div>
   <div class='ocr_carea' id='block_1_12' title="bbox 0 0 1577 5112">
    <p class='ocr_par' dir='ltr' id='par_1_12' title="bbox 0 0 1577 5112">
     <span class='ocr_line' id='line_1_40' title="bbox 0 0 1577 5112; baseline 0 0"><span class='ocrx_word' id='word_1_341' title='bbox 0 0 1577 5112; x_wconf 95' lang='lat' dir='ltr'><strong> </strong></span> 
     </span>
    </p>
   </div>
  </div>
 </body>
</html>
