3136 5100
475 356 585 410 DIVVS
605 355 783 410 convolve
803 367 868 418 [car.
884 368 971 417 sr-as]
1231 355 1297 422 225

146 521 350 606 imperium
369 520 543 603 requirens.
581 518 671 582 nulla
690 519 769 582 adeo
793 519 944 604 suspicio,
967 520 1075 584 nullus
1095 524 1207 584 auctor
1229 517 1349 584 tamti

145 627 229 692 leuis
253 627 375 709 extiti,
404 649 422 690 a
446 647 510 709 quo
534 647 599 689 non
624 625 778 690 mediocri
801 625 952 710 scrupulo
981 627 1098 691 iniecto
1121 627 1162 690 ad
1185 647 1297 691 cancu-

147 734 225 798 dum
248 733 530 815 ulciscendumque
554 731 809 815 compelleretur.
851 755 934 796 unus
954 754 992 796 ex
1011 733 1232 817 litigatoribus
1251 753 1298 798 se-

148 840 245 904 ducto
269 840 303 902 in
327 839 521 903 salutatione
545 838 730 922 affirmauit,
754 838 874 903 uidisse
897 860 931 903 se
954 860 1011 924 per
1031 842 1172 923 quietem
1196 841 1297 905 occidi

116 970 222 1012 seum
246 969 264 1010 a
288 946 441 1031 quodam,
465 946 540 1010 dein
562 945 660 1030 paulo
683 949 767 1029 post,
792 947 883 1028 quasi
907 968 1128 1030 percussorem
1147 969 1298 1033 agnosce·

145 1056 205 1137 ret,
228 1053 375 1119 libellum
398 1052 580 1118 tradentem
601 1052 821 1117 aduersarium
841 1074 935 1116 suum
954 1052 1201 1118 demonstrauit:
1225 1075 1298 1118 con-

145 1161 319 1246 festimque
342 1161 370 1225 ir
393 1182 454 1244 pro
477 1159 635 1244 deprenso
661 1159 701 1222 ad
724 1181 860 1243 poenam
881 1163 992 1244 raptus
1012 1164 1070 1226 est.
1111 1161 1297 1246 parimodo
1317 1175 1333 1222 a

146 1290 338 1352 oppressum
360 1267 470 1332 ferunt
493 1265 637 1350 Appium
662 1264 821 1330 Silanum:
850 1288 945 1351 quem
974 1289 1047 1332 cum
1069 1267 1244 1332 Messalina
1266 1272 1299 1332 et

146 1373 319 1439 Narcissus
348 1374 587 1457 conspirassent
614 1372 762 1456 perdere,
794 1372 909 1438 diuisis
936 1375 1083 1457 partibus
1111 1374 1194 1438 alter
1224 1379 1298 1438 ante

103 1505 131 1544 ro
146 1482 252 1546 lucem
280 1481 396 1545 similis
423 1481 563 1544 attonito
593 1481 722 1563 patroni
754 1480 934 1544 cubiculum
965 1482 1101 1566 inrupit,
1132 1481 1299 1546 affirmans

147 1589 324 1654 somniasse
344 1610 378 1652 se
396 1589 465 1651 uim
480 1588 510 1651 ei
529 1587 569 1650 ab
584 1584 692 1670 Appio
711 1586 860 1672 inlatam,
881 1586 982 1651 altera
1001 1589 1035 1651 in
1053 1588 1299 1652 admirationem

146 1696 286 1760 formata
316 1694 378 1759 sibi
409 1715 538 1779 quoque
569 1695 702 1760 eandem
734 1695 873 1778 speciem
903 1694 1027 1778 aliquot
1058 1696 1121 1758 iam
1149 1695 1299 1759 noctibus

147 1802 314 1866 obuersari
344 1802 483 1886 rettulit,
513 1824 573 1867 nec
602 1803 707 1866 multo
737 1804 810 1885 post
840 1823 880 1865 ex
909 1802 1088 1886 composito
1117 1804 1299 1886 inrumpere

151 1908 275 1994 Appius
298 1909 476 1993 nuntiatus,
499 1909 551 1973 cui
574 1909 679 1992 pridie
704 1909 743 1971 ad
766 1909 800 1973 id
823 1909 978 1992 temporis
1001 1913 1039 1972 ut
1062 1908 1187 1972 adesset
1210 1929 1299 1993 prae·

105 2018 276 2099 receptum
307 2018 390 2100 erat,
421 2016 513 2098 quasi
543 2015 639 2099 plane
667 2018 963 2098 repraesentaretur
988 2015 1104 2079 somnii
1132 2015 1225 2097 fides,
1251 2035 1299 2079 ar-

147 2121 229 2186 cessi
258 2123 367 2186 statim
398 2144 434 2186 ac
463 2123 547 2187 mori
579 2122 687 2187 iussus
717 2126 773 2186 est.
815 2143 874 2186 uec
903 2121 1067 2186 dubitauit
1092 2125 1222 2206 postero
1248 2122 1298 2186 die

148 2227 303 2294 Claudius
327 2229 471 2294 ordinem
501 2230 547 2294 rei
577 2232 688 2314 gestae
715 2229 856 2312 perferre
884 2229 924 2292 ad
952 2232 1098 2293 senatum
1122 2249 1160 2293 ac
1181 2228 1299 2293 liberto

147 2335 268 2420 gratias
287 2357 391 2422 agere,
415 2337 502 2420 quod
524 2358 585 2419 pro
610 2335 714 2400 salute
737 2358 796 2399 sua
819 2336 916 2399 etiam
935 2335 1098 2400 dormiens
1119 2335 1299 2399 excubaret.

146 2443 215 2506 irae
237 2447 335 2526 atque
353 2443 537 2507 iracundiae
556 2443 706 2506 conscius
725 2442 797 2525 sibi,
820 2446 990 2525 utramque
1009 2442 1176 2505 excusauit
1194 2435 1352 2506 edict038

103 2549 375 2634 aedistinxitque,
402 2548 567 2633 pollicitus
592 2548 755 2613 alteram
780 2550 931 2631 quidem
955 2548 1107 2612 breuem
1131 2553 1169 2612 et
1191 2549 1299 2613 iuno-

147 2657 261 2742 xiam,
280 2656 441 2720 alteram
460 2678 535 2719 uon
554 2655 741 2719 iniustam
762 2656 853 2720 fore.
900 2652 1114 2741 Ostiensibus,
1138 2656 1214 2740 quia
1237 2655 1300 2719 sibi

147 2762 301 2828 subeunti
313 2762 456 2828 Tiberim
471 2761 608 2845 scaphas
622 2762 752 2826 obuiam
766 2785 832 2826 non
846 2762 1002 2848 miserint,
1017 2762 1160 2848 grauiter
1174 2783 1299 2844 correp·

146 2869 190 2932 tis
210 2891 310 2953 eaque
329 2891 402 2932 cum
421 2868 555 2952 inuidia,
578 2871 614 2932 ut
635 2869 669 2933 in
690 2869 834 2933 ordinem
855 2891 888 2934 se
908 2872 1055 2936 coactum
1075 2869 1299 2953 conscriberet,

146 2980 281 3060 repente
297 2979 424 3040 tantum
447 2997 514 3039 non
533 2976 612 3040 satis
634 2975 783 3040 facientis
802 2976 897 3041 modo
915 2976 1043 3039 ueniam
1068 2975 1164 3040 dedit.
1206 2995 1300 3058 quos-
1319 2987 1335 3033 a

103 3107 131 3147 as
148 3083 221 3148 dam
252 3083 287 3146 in
316 3082 448 3166 publico
477 3105 591 3166 parum
625 3083 819 3165 tempestiue
849 3082 996 3145 adeuntis
1024 3103 1121 3145 manu
1150 3102 1209 3145 sua
1231 3103 1300 3164 rep-

147 3189 241 3274 pulit.
283 3189 360 3254 item
391 3189 531 3254 scribam
560 3189 783 3272 quaestorium
811 3190 953 3271 itemque
980 3192 1130 3272 praetura
1153 3188 1301 3251 functum

147 3300 327 3362 senatorem
351 3297 514 3361 inauditos
538 3300 571 3360 et
595 3296 745 3362 innoxios
768 3295 934 3382 relegauit,
959 3295 1045 3380 quod
1068 3293 1123 3358 ille
1146 3293 1300 3358 aduersus

146 3403 312 3486 priuatum
341 3424 375 3466 se
403 3404 671 3487 intemperantius
695 3403 853 3486 affuisset,
877 3402 930 3466 hic
953 3403 987 3466 in
1010 3401 1173 3465 aedilitate
1197 3402 1301 3484 inqui-

221 3604 307 3666 1sqq.
327 3597 420 3651 Victor
435 3597 510 3651 Caes.
525 3602 579 3664 4‚9
599 3597 760 3663 Claudium,
779 3597 822 3650 uti
841 3612 926 3664 supra
945 3596 1098 3661 docuimus,
1118 3567 1220 3648 natura
1238 3611 1300 3663 per-

147 3678 363 3733 formidulosum
386 3677 490 3730 iniecto
514 3681 592 3730 metu
618 3678 662 3730 sui
681 3675 847 3746 agitabant,
866 3676 987 3730 maxime
1006 3675 1220 3740 coniurationis3
1245 3691 1300 3742 quo

147 3760 307 3814 commento
325 3757 422 3812 liberti
441 3757 535 3825 etiam,
556 3773 626 3826 quos
645 3756 761 3824 uellent,
780 3757 924 3826 perditum
942 3756 1030 3810 ibant.

221 3934 236 3980 2
257 3927 392 3982 existitG
447 3933 463 3980 4
479 3944 508 3980 se
522 3927 630 3981 uidisse
640 3930 671 3981 H
683 3929 780 3997 (walp.)
841 3933 855 3980 7
872 3927 1236 3995 (repraesentatores),
1252 3925 1299 3977 de-

145 4008 288 4080 prehenso
300 4007 380 4062 GXR
389 4007 431 4077 (ia
441 4007 469 4061 R
482 4025 517 4060 ss.
527 4006 544 4059 'r
554 4008 701 4077 deprenso)
758 4013 789 4059 11
806 4007 878 4060 alter
889 4008 953 4061 MX
1004 4005 1191 4058 admiratione
1203 4007 1300 4074 (amm-

146 4088 218 4155 138²,
233 4087 336 4142 affirm·
352 4088 488 4156 P)GXN
560 4095 592 4140 12
612 4088 725 4142 firmata
740 4089 792 4157 (-t0
807 4089 851 4157 N)
861 4089 920 4141 XN
991 4092 1024 4138 15
1044 4085 1133 4138 arceri
1152 4085 1301 4138 aestatim

146 4170 265 4239 [liparae
320 4173 352 4242 12
367 4167 570 4222 libertosqu
628 4173 661 4221 19
676 4169 795 4235 utraque
810 4170 839 4232 Τ,
854 4170 1031 4233 utrumqnes
1047 4168 1143 4235 (culp.)
1199 4171 1231 4218 21
1247 4165 1301 4218 sibi

146 4267 199 4304 om.
215 4252 245 4302 X
335 4243 369 4300 '23
389 4264 423 4301 ea
442 4250 503 4318 (om.
519 4248 627 4317 que)G
724 4247 877 4301 ascriberet
896 4264 920 4312 ς,
941 4248 1157 4313 conquereretur
1177 4247 1301 4314 Bentley,

147 4328 285 4384 scriberet
298 4329 372 4383 Roth
427 4334 461 4380 24
475 4327 620 4395 facientib3
634 4328 668 4394 G,
682 4329 817 4381 facientes
828 4329 882 4398 HQ
935 4327 1018 4384 modo
1032 4325 1145 4378 ueniam
1160 4341 1176 4384 ς
1191 4327 1302 4395 (Tora),

146 4409 261 4464 ueniam
280 4409 363 4462 modo
379 4410 405 4460 Ω
473 4414 507 4462 26
526 4407 603 4461 idem
621 4408 770 4463 MGLPS¹
836 4407 973 4478 itemque]
992 4405 1060 4459 item
1075 4409 1104 4458 Χ
1169 4411 1202 4458 at
1223 4421 1302 4458 seua-

146 4492 242 4544 torum
257 4490 295 4543 M

203 4589 339 4628 svaroms
354 4588 389 4627 ad.
403 4589 471 4628 Ihm.
499 4589 517 4627 Ι.
1055 4581 1087 4628 15
