<?xml version="1.0" encoding="UTF-8"?>
<!DOCTYPE html PUBLIC "-//W3C//DTD XHTML 1.0 Transitional//EN"
    "http://www.w3.org/TR/xhtml1/DTD/xhtml1-transitional.dtd">
<html xmlns="http://www.w3.org/1999/xhtml" xml:lang="en" lang="en">
 <head>
  <title>
</title>
<meta http-equiv="Content-Type" content="text/html;charset=utf-8" />
  <meta name='ocr-system' content='tesseract 3.04.00' />
  <meta name='ocr-capabilities' content='ocr_page ocr_carea ocr_par ocr_line ocrx_word'/>
</head>
<body>
  <div class='ocr_page' id='page_1' title='image "./csuetoniitranqu01suetgoog_0294.png"; bbox 0 0 3136 5100; ppageno 0'>
   <div class='ocr_carea' id='block_1_1' title="bbox 260 384 1055 450">
    <p class='ocr_par' dir='ltr' id='par_1_1' title="bbox 260 384 1055 450">
     <span class='ocr_line' id='line_1_1' title="bbox 260 384 1055 450; baseline -0.016 -1"><span class='ocrx_word' id='word_1_1' title='bbox 260 386 326 448; x_wconf 76' lang='lat'>224</span> <span class='ocrx_word' id='word_1_2' title='bbox 607 385 635 439; x_wconf 84' lang='lat' dir='ltr'>C.</span> <span class='ocrx_word' id='word_1_3' title='bbox 656 385 814 439; x_wconf 83' lang='lat' dir='ltr'><strong>SVETONI</strong></span> <span class='ocrx_word' id='word_1_4' title='bbox 832 384 1055 450; x_wconf 80' lang='lat' dir='ltr'><strong>TRANQVILLI</strong></span> 
     </span>
    </p>
   </div>
   <div class='ocr_carea' id='block_1_2' title="bbox 169 547 1456 3830">
    <p class='ocr_par' dir='ltr' id='par_1_2' title="bbox 259 547 1445 1273">
     <span class='ocr_line' id='line_1_2' title="bbox 259 547 1405 632; baseline -0.002 -20"><span class='ocrx_word' id='word_1_5' title='bbox 259 548 508 631; x_wconf 84' lang='lat' dir='ltr'><strong>meridianisque</strong></span> <span class='ocrx_word' id='word_1_6' title='bbox 532 549 610 612; x_wconf 93' lang='lat' dir='ltr'>adeo</span> <span class='ocrx_word' id='word_1_7' title='bbox 635 547 863 632; x_wconf 76' lang='lat' dir='ltr'>delectabatur,</span> <span class='ocrx_word' id='word_1_8' title='bbox 885 551 922 611; x_wconf 90' lang='lat' dir='ltr'>ut</span> <span class='ocrx_word' id='word_1_9' title='bbox 945 551 978 611; x_wconf 88' lang='lat' dir='ltr'>et</span> <span class='ocrx_word' id='word_1_10' title='bbox 1004 548 1108 632; x_wconf 90' lang='lat' dir='ltr'>prima</span> <span class='ocrx_word' id='word_1_11' title='bbox 1129 547 1200 611; x_wconf 90' lang='lat' dir='ltr'>luce</span> <span class='ocrx_word' id='word_1_12' title='bbox 1224 547 1264 610; x_wconf 89' lang='lat' dir='ltr'>ad</span> <span class='ocrx_word' id='word_1_13' title='bbox 1288 551 1405 631; x_wconf 89' lang='lat' dir='ltr'>specta-</span> 
     </span>
     <span class='ocr_line' id='line_1_3' title="bbox 260 653 1405 738; baseline -0.002 -20"><span class='ocrx_word' id='word_1_14' title='bbox 260 654 368 718; x_wconf 90' lang='lat' dir='ltr'>culum</span> <span class='ocrx_word' id='word_1_15' title='bbox 399 655 603 718; x_wconf 80' lang='lat' dir='ltr'>descenderet</span> <span class='ocrx_word' id='word_1_16' title='bbox 633 657 665 718; x_wconf 90' lang='lat' dir='ltr'>ct</span> <span class='ocrx_word' id='word_1_17' title='bbox 695 655 827 718; x_wconf 88' lang='lat' dir='ltr'>meridie</span> <span class='ocrx_word' id='word_1_18' title='bbox 858 655 990 718; x_wconf 92' lang='lat' dir='ltr'>dimisso</span> <span class='ocrx_word' id='word_1_19' title='bbox 1020 653 1059 716; x_wconf 90' lang='lat' dir='ltr'>ad</span> <span class='ocrx_word' id='word_1_20' title='bbox 1087 653 1258 737; x_wconf 91' lang='lat' dir='ltr'>prandium</span> <span class='ocrx_word' id='word_1_21' title='bbox 1287 654 1405 738; x_wconf 92' lang='lat' dir='ltr'>populo</span> 
     </span>
     <span class='ocr_line' id='line_1_4' title="bbox 259 760 1407 846; baseline -0.001 -21"><span class='ocrx_word' id='word_1_22' title='bbox 259 761 442 846; x_wconf 85' lang='lat' dir='ltr'>persederet</span> <span class='ocrx_word' id='word_1_23' title='bbox 459 765 649 845; x_wconf 78' lang='lat' dir='ltr'>praeterque</span> <span class='ocrx_word' id='word_1_24' title='bbox 671 761 847 826; x_wconf 88' lang='lat' dir='ltr'>destinatos</span> <span class='ocrx_word' id='word_1_25' title='bbox 868 762 962 824; x_wconf 88' lang='lat' dir='ltr'>etiam</span> <span class='ocrx_word' id='word_1_26' title='bbox 983 761 1046 825; x_wconf 92' lang='lat' dir='ltr'>leui</span> <span class='ocrx_word' id='word_1_27' title='bbox 1067 760 1238 844; x_wconf 85' lang='lat' dir='ltr'>subitaque</span> <span class='ocrx_word' id='word_1_28' title='bbox 1258 762 1296 824; x_wconf 96' lang='lat' dir='ltr'>de</span> <span class='ocrx_word' id='word_1_29' title='bbox 1315 783 1407 824; x_wconf 87' lang='lat' dir='ltr'>causa</span> 
     </span>
     <span class='ocr_line' id='line_1_5' title="bbox 261 867 1407 952; baseline -0.002 -20"><span class='ocrx_word' id='word_1_30' title='bbox 261 869 417 952; x_wconf 87' lang='lat' dir='ltr'>quosdam</span> <span class='ocrx_word' id='word_1_31' title='bbox 445 868 672 951; x_wconf 88' lang='lat' dir='ltr'>committeret,</span> <span class='ocrx_word' id='word_1_32' title='bbox 707 868 746 931; x_wconf 91' lang='lat' dir='ltr'>de</span> <span class='ocrx_word' id='word_1_33' title='bbox 772 868 937 932; x_wconf 86' lang='lat' dir='ltr'>fabrorum</span> <span class='ocrx_word' id='word_1_34' title='bbox 966 889 1093 951; x_wconf 93' lang='lat' dir='ltr'>quoque</span> <span class='ocrx_word' id='word_1_35' title='bbox 1121 888 1158 930; x_wconf 89' lang='lat' dir='ltr'>ac</span> <span class='ocrx_word' id='word_1_36' title='bbox 1186 867 1407 931; x_wconf 85' lang='lat' dir='ltr'>ministrorum</span> 
     </span>
     <span class='ocr_line' id='line_1_6' title="bbox 261 973 1445 1060; baseline -0.003 -21"><span class='ocrx_word' id='word_1_37' title='bbox 261 980 356 1058; x_wconf 89' lang='lat' dir='ltr'>atque</span> <span class='ocrx_word' id='word_1_38' title='bbox 380 976 413 1039; x_wconf 93' lang='lat' dir='ltr'>id</span> <span class='ocrx_word' id='word_1_39' title='bbox 441 997 541 1060; x_wconf 91' lang='lat' dir='ltr'>genus</span> <span class='ocrx_word' id='word_1_40' title='bbox 568 996 717 1058; x_wconf 90' lang='lat' dir='ltr'>numero,</span> <span class='ocrx_word' id='word_1_41' title='bbox 746 977 774 1038; x_wconf 91' lang='lat' dir='ltr'>si</span> <span class='ocrx_word' id='word_1_42' title='bbox 802 977 1001 1038; x_wconf 87' lang='lat' dir='ltr'>automatum</span> <span class='ocrx_word' id='word_1_43' title='bbox 1030 973 1084 1036; x_wconf 91' lang='lat' dir='ltr'>uel</span> <span class='ocrx_word' id='word_1_44' title='bbox 1111 995 1228 1058; x_wconf 82' lang='lat' dir='ltr'>pegma</span> <span class='ocrx_word' id='word_1_45' title='bbox 1255 973 1310 1037; x_wconf 90' lang='lat' dir='ltr'>uel</span> <span class='ocrx_word' id='word_1_46' title='bbox 1332 974 1408 1057; x_wconf 93' lang='lat' dir='ltr'>quid</span> <span class='ocrx_word' id='word_1_47' title='bbox 1434 997 1445 1036; x_wconf 80' lang='lat' dir='ltr'>s</span> 
     </span>
     <span class='ocr_line' id='line_1_7' title="bbox 261 1079 1408 1164; baseline -0.003 -19"><span class='ocrx_word' id='word_1_48' title='bbox 261 1081 325 1145; x_wconf 89' lang='lat' dir='ltr'>tale</span> <span class='ocrx_word' id='word_1_49' title='bbox 353 1081 439 1145; x_wconf 88' lang='lat' dir='ltr'>aliud</span> <span class='ocrx_word' id='word_1_50' title='bbox 467 1102 581 1164; x_wconf 86' lang='lat' dir='ltr'>parum</span> <span class='ocrx_word' id='word_1_51' title='bbox 610 1080 766 1145; x_wconf 82' lang='lat' dir='ltr'>cessisset.</span> <span class='ocrx_word' id='word_1_52' title='bbox 808 1081 938 1144; x_wconf 86' lang='lat' dir='ltr'>induxit</span> <span class='ocrx_word' id='word_1_53' title='bbox 961 1083 992 1143; x_wconf 91' lang='lat' dir='ltr'>ct</span> <span class='ocrx_word' id='word_1_54' title='bbox 1020 1102 1119 1143; x_wconf 90' lang='lat' dir='ltr'>unum</span> <span class='ocrx_word' id='word_1_55' title='bbox 1144 1101 1183 1143; x_wconf 88' lang='lat' dir='ltr'>ex</span> <span class='ocrx_word' id='word_1_56' title='bbox 1206 1079 1408 1143; x_wconf 87' lang='lat' dir='ltr'>nomencula-</span> 
     </span>
     <span class='ocr_line' id='line_1_8' title="bbox 262 1188 874 1273; baseline 0 -22"><span class='ocrx_word' id='word_1_57' title='bbox 262 1188 387 1254; x_wconf 89' lang='lat' dir='ltr'>toribus</span> <span class='ocrx_word' id='word_1_58' title='bbox 411 1188 488 1270; x_wconf 91' lang='lat' dir='ltr'>suis,</span> <span class='ocrx_word' id='word_1_59' title='bbox 512 1190 558 1251; x_wconf 89' lang='lat' dir='ltr'>sic</span> <span class='ocrx_word' id='word_1_60' title='bbox 580 1191 618 1250; x_wconf 89' lang='lat' dir='ltr'>ut</span> <span class='ocrx_word' id='word_1_61' title='bbox 641 1191 709 1250; x_wconf 90' lang='lat' dir='ltr'>erat</span> <span class='ocrx_word' id='word_1_62' title='bbox 733 1191 874 1273; x_wconf 87' lang='lat' dir='ltr'>togatus.</span> 
     </span>
    </p>

    <p class='ocr_par' dir='ltr' id='par_1_3' title="bbox 208 1290 1412 1485">
     <span class='ocr_line' id='line_1_9' title="bbox 208 1290 1410 1377; baseline 0.002 -23"><span class='ocrx_word' id='word_1_63' title='bbox 208 1290 255 1355; x_wconf 78' lang='lat'>35</span> <span class='ocrx_word' id='word_1_64' title='bbox 355 1293 418 1358; x_wconf 84' lang='lat' dir='ltr'>Sed</span> <span class='ocrx_word' id='word_1_65' title='bbox 442 1293 524 1356; x_wconf 89' lang='lat' dir='ltr'>nihil</span> <span class='ocrx_word' id='word_1_66' title='bbox 547 1315 646 1377; x_wconf 89' lang='lat' dir='ltr'>aeque</span> <span class='ocrx_word' id='word_1_67' title='bbox 671 1316 766 1377; x_wconf 88' lang='lat' dir='ltr'>quam</span> <span class='ocrx_word' id='word_1_68' title='bbox 791 1294 923 1357; x_wconf 90' lang='lat' dir='ltr'>timidus</span> <span class='ocrx_word' id='word_1_69' title='bbox 952 1316 989 1357; x_wconf 92' lang='lat' dir='ltr'>ac</span> <span class='ocrx_word' id='word_1_70' title='bbox 1012 1293 1160 1357; x_wconf 83' lang='lat' dir='ltr'>diffidens</span> <span class='ocrx_word' id='word_1_71' title='bbox 1183 1292 1255 1357; x_wconf 87' lang='lat' dir='ltr'>fuit.</span> <span class='ocrx_word' id='word_1_72' title='bbox 1297 1293 1410 1377; x_wconf 91' lang='lat' dir='ltr'>primis</span> 
     </span>
     <span class='ocr_line' id='line_1_10' title="bbox 264 1399 1412 1485; baseline -0.003 -21"><span class='ocrx_word' id='word_1_73' title='bbox 264 1401 390 1485; x_wconf 89' lang='lat' dir='ltr'>imperii</span> <span class='ocrx_word' id='word_1_74' title='bbox 415 1401 527 1464; x_wconf 91' lang='lat' dir='ltr'>diebus</span> <span class='ocrx_word' id='word_1_75' title='bbox 551 1422 748 1485; x_wconf 88' lang='lat' dir='ltr'>quanquam,</span> <span class='ocrx_word' id='word_1_76' title='bbox 772 1405 809 1464; x_wconf 95' lang='lat' dir='ltr'>ut</span> <span class='ocrx_word' id='word_1_77' title='bbox 832 1401 972 1464; x_wconf 82' lang='lat' dir='ltr'>diximus</span> <span class='ocrx_word' id='word_1_78' title='bbox 990 1401 1035 1483; x_wconf 82' lang='lat' dir='ltr'>&lt;a</span> <span class='ocrx_word' id='word_1_79' title='bbox 1054 1401 1126 1483; x_wconf 84' lang='lat'>12&gt;,</span> <span class='ocrx_word' id='word_1_80' title='bbox 1149 1401 1286 1464; x_wconf 89' lang='lat' dir='ltr'>iactator</span> <span class='ocrx_word' id='word_1_81' title='bbox 1311 1399 1412 1463; x_wconf 91' lang='lat' dir='ltr'>ciuili-</span> 
     </span>
    </p>

    <p class='ocr_par' dir='ltr' id='par_1_4' title="bbox 195 1506 1449 1911">
     <span class='ocr_line' id='line_1_11' title="bbox 195 1506 1449 1591; baseline -0.002 -21"><span class='ocrx_word' id='word_1_82' title='bbox 195 1509 202 1514; x_wconf 83' lang='lat'>&#39;</span> <span class='ocrx_word' id='word_1_83' title='bbox 263 1509 349 1591; x_wconf 77' lang='lat' dir='ltr'>tatiS,</span> <span class='ocrx_word' id='word_1_84' title='bbox 373 1528 476 1590; x_wconf 91' lang='lat' dir='ltr'>neque</span> <span class='ocrx_word' id='word_1_85' title='bbox 501 1508 650 1571; x_wconf 88' lang='lat' dir='ltr'>conuiuia</span> <span class='ocrx_word' id='word_1_86' title='bbox 673 1507 754 1570; x_wconf 89' lang='lat' dir='ltr'>inire</span> <span class='ocrx_word' id='word_1_87' title='bbox 778 1529 875 1570; x_wconf 90' lang='lat' dir='ltr'>ausus</span> <span class='ocrx_word' id='word_1_88' title='bbox 898 1511 948 1570; x_wconf 89' lang='lat' dir='ltr'>est</span> <span class='ocrx_word' id='word_1_89' title='bbox 965 1507 1028 1570; x_wconf 88' lang='lat' dir='ltr'>uisi</span> <span class='ocrx_word' id='word_1_90' title='bbox 1047 1511 1084 1569; x_wconf 90' lang='lat' dir='ltr'>ut</span> <span class='ocrx_word' id='word_1_91' title='bbox 1103 1506 1320 1590; x_wconf 85' lang='lat' dir='ltr'>speculatores</span> <span class='ocrx_word' id='word_1_92' title='bbox 1340 1527 1411 1569; x_wconf 91' lang='lat' dir='ltr'>cum</span> <span class='ocrx_word' id='word_1_93' title='bbox 1426 1528 1449 1567; x_wconf 83' lang='lat' dir='ltr'>ro</span> 
     </span>
     <span class='ocr_line' id='line_1_12' title="bbox 264 1613 1413 1699; baseline -0.002 -23"><span class='ocrx_word' id='word_1_94' title='bbox 264 1615 382 1678; x_wconf 86' lang='lat' dir='ltr'>lanceis</span> <span class='ocrx_word' id='word_1_95' title='bbox 403 1613 648 1677; x_wconf 88' lang='lat' dir='ltr'>circumstarent</span> <span class='ocrx_word' id='word_1_96' title='bbox 666 1613 848 1697; x_wconf 90' lang='lat' dir='ltr'>militesque</span> <span class='ocrx_word' id='word_1_97' title='bbox 866 1615 937 1678; x_wconf 89' lang='lat' dir='ltr'>uice</span> <span class='ocrx_word' id='word_1_98' title='bbox 956 1613 1178 1677; x_wconf 88' lang='lat' dir='ltr'>ministrorum</span> <span class='ocrx_word' id='word_1_99' title='bbox 1193 1613 1413 1699; x_wconf 84' lang='lat' dir='ltr'>fungerentur,</span> 
     </span>
     <span class='ocr_line' id='line_1_13' title="bbox 266 1718 1413 1804; baseline -0.001 -22"><span class='ocrx_word' id='word_1_100' title='bbox 266 1741 368 1803; x_wconf 88' lang='lat' dir='ltr'>neque</span> <span class='ocrx_word' id='word_1_101' title='bbox 392 1741 524 1804; x_wconf 88' lang='lat' dir='ltr'>aegrum</span> <span class='ocrx_word' id='word_1_102' title='bbox 548 1741 740 1803; x_wconf 89' lang='lat' dir='ltr'>quemquam</span> <span class='ocrx_word' id='word_1_103' title='bbox 765 1720 912 1784; x_wconf 87' lang='lat' dir='ltr'>uisitauit</span> <span class='ocrx_word' id='word_1_104' title='bbox 933 1720 998 1783; x_wconf 92' lang='lat' dir='ltr'>nisi</span> <span class='ocrx_word' id='word_1_105' title='bbox 1021 1719 1188 1803; x_wconf 90' lang='lat' dir='ltr'>explorato</span> <span class='ocrx_word' id='word_1_106' title='bbox 1211 1719 1302 1804; x_wconf 89' lang='lat' dir='ltr'>prius</span> <span class='ocrx_word' id='word_1_107' title='bbox 1327 1718 1413 1782; x_wconf 91' lang='lat' dir='ltr'>cubi-</span> 
     </span>
     <span class='ocr_line' id='line_1_14' title="bbox 267 1824 1413 1911; baseline -0.004 -20"><span class='ocrx_word' id='word_1_108' title='bbox 267 1827 341 1892; x_wconf 91' lang='lat' dir='ltr'>culo</span> <span class='ocrx_word' id='word_1_109' title='bbox 366 1827 556 1909; x_wconf 83' lang='lat' dir='ltr'>culcitisque</span> <span class='ocrx_word' id='word_1_110' title='bbox 585 1831 616 1890; x_wconf 91' lang='lat' dir='ltr'>et</span> <span class='ocrx_word' id='word_1_111' title='bbox 645 1827 798 1910; x_wconf 87' lang='lat' dir='ltr'>stragulis</span> <span class='ocrx_word' id='word_1_112' title='bbox 825 1827 1069 1911; x_wconf 87' lang='lat' dir='ltr'>praetemptatis</span> <span class='ocrx_word' id='word_1_113' title='bbox 1093 1831 1125 1890; x_wconf 89' lang='lat' dir='ltr'>et</span> <span class='ocrx_word' id='word_1_114' title='bbox 1153 1825 1304 1890; x_wconf 85' lang='lat' dir='ltr'>excussis.</span> <span class='ocrx_word' id='word_1_115' title='bbox 1341 1824 1413 1887; x_wconf 91' lang='lat' dir='ltr'>reli·</span> 
     </span>
    </p>

    <p class='ocr_par' dir='ltr' id='par_1_5' title="bbox 221 1913 1452 2764">
     <span class='ocr_line' id='line_1_15' title="bbox 221 1913 1413 2018; baseline -0.004 -21"><span class='ocrx_word' id='word_1_116' title='bbox 221 2011 225 2016; x_wconf 24' lang='grc' dir='ltr'>Ι</span> <span class='ocrx_word' id='word_1_117' title='bbox 268 1955 331 2018; x_wconf 93' lang='lat' dir='ltr'>quo</span> <span class='ocrx_word' id='word_1_118' title='bbox 356 1939 461 1997; x_wconf 88' lang='lat' dir='ltr'>autem</span> <span class='ocrx_word' id='word_1_119' title='bbox 481 1937 626 2017; x_wconf 84' lang='lat' dir='ltr'>ternpore</span> <span class='ocrx_word' id='word_1_120' title='bbox 646 1934 876 1997; x_wconf 84' lang='lat' dir='ltr'>salutatoribus</span> <span class='ocrx_word' id='word_1_121' title='bbox 896 1937 1090 1998; x_wconf 86' lang='lat' dir='ltr'>scrutatores</span> <span class='ocrx_word' id='word_1_122' title='bbox 1109 1953 1234 2016; x_wconf 90' lang='lat' dir='ltr'>semper</span> <span class='ocrx_word' id='word_1_123' title='bbox 1253 1913 1413 2015; x_wconf 78' lang='lat' dir='ltr'>apposuit,</span> 
     </span>
     <span class='ocr_line' id='line_1_16' title="bbox 229 2037 1450 2124; baseline -0.002 -25"><span class='ocrx_word' id='word_1_124' title='bbox 229 2045 298 2104; x_wconf 75' lang='lat' dir='ltr'>set</span> <span class='ocrx_word' id='word_1_125' title='bbox 323 2041 452 2124; x_wconf 90' lang='lat' dir='ltr'>quidem</span> <span class='ocrx_word' id='word_1_126' title='bbox 476 2041 625 2104; x_wconf 90' lang='lat' dir='ltr'>omnibns</span> <span class='ocrx_word' id='word_1_127' title='bbox 655 2045 687 2103; x_wconf 91' lang='lat' dir='ltr'>et</span> <span class='ocrx_word' id='word_1_128' title='bbox 710 2040 941 2104; x_wconf 88' lang='lat' dir='ltr'>acerbissimos.</span> <span class='ocrx_word' id='word_1_129' title='bbox 979 2061 1049 2103; x_wconf 89' lang='lat' dir='ltr'>sero</span> <span class='ocrx_word' id='word_1_130' title='bbox 1073 2040 1159 2103; x_wconf 91' lang='lat' dir='ltr'>enim</span> <span class='ocrx_word' id='word_1_131' title='bbox 1182 2060 1219 2101; x_wconf 88' lang='lat' dir='ltr'>ac</span> <span class='ocrx_word' id='word_1_132' title='bbox 1242 2037 1297 2101; x_wconf 87' lang='lat' dir='ltr'>uix</span> <span class='ocrx_word' id='word_1_133' title='bbox 1320 2037 1413 2101; x_wconf 91' lang='lat' dir='ltr'>remi·</span> <span class='ocrx_word' id='word_1_134' title='bbox 1431 2062 1450 2097; x_wconf 70' lang='lat' dir='ltr'>a</span> 
     </span>
     <span class='ocr_line' id='line_1_17' title="bbox 268 2146 1415 2231; baseline -0.005 -20"><span class='ocrx_word' id='word_1_135' title='bbox 268 2150 318 2230; x_wconf 90' lang='lat' dir='ltr'>sit,</span> <span class='ocrx_word' id='word_1_136' title='bbox 341 2169 381 2210; x_wconf 91' lang='lat' dir='ltr'>ne</span> <span class='ocrx_word' id='word_1_137' title='bbox 403 2148 539 2210; x_wconf 86' lang='lat' dir='ltr'>feminae</span> <span class='ocrx_word' id='word_1_138' title='bbox 559 2147 815 2230; x_wconf 82' lang='lat' dir='ltr'>praetextatique</span> <span class='ocrx_word' id='word_1_139' title='bbox 833 2149 925 2231; x_wconf 87' lang='lat' dir='ltr'>pueri</span> <span class='ocrx_word' id='word_1_140' title='bbox 944 2151 976 2210; x_wconf 89' lang='lat' dir='ltr'>et</span> <span class='ocrx_word' id='word_1_141' title='bbox 994 2146 1119 2230; x_wconf 89' lang='lat' dir='ltr'>puellae</span> <span class='ocrx_word' id='word_1_142' title='bbox 1139 2147 1415 2211; x_wconf 86' lang='lat' dir='ltr'>contrectarentur</span> 
     </span>
     <span class='ocr_line' id='line_1_18' title="bbox 268 2251 1415 2337; baseline -0.006 -17"><span class='ocrx_word' id='word_1_143' title='bbox 268 2258 299 2321; x_wconf 84' lang='lat' dir='ltr'>et</span> <span class='ocrx_word' id='word_1_144' title='bbox 320 2276 359 2316; x_wconf 93' lang='lat' dir='ltr'>ne</span> <span class='ocrx_word' id='word_1_145' title='bbox 379 2254 469 2317; x_wconf 92' lang='lat' dir='ltr'>cuius</span> <span class='ocrx_word' id='word_1_146' title='bbox 485 2253 594 2319; x_wconf 90' lang='lat' dir='ltr'>comiti</span> <span class='ocrx_word' id='word_1_147' title='bbox 615 2257 670 2316; x_wconf 89' lang='lat' dir='ltr'>aut</span> <span class='ocrx_word' id='word_1_148' title='bbox 684 2253 816 2316; x_wconf 88' lang='lat' dir='ltr'>librario</span> <span class='ocrx_word' id='word_1_149' title='bbox 832 2253 1019 2318; x_wconf 87' lang='lat' dir='ltr'>calamariae</span> <span class='ocrx_word' id='word_1_150' title='bbox 1034 2257 1065 2316; x_wconf 90' lang='lat' dir='ltr'>et</span> <span class='ocrx_word' id='word_1_151' title='bbox 1080 2251 1282 2337; x_wconf 83' lang='lat' dir='ltr'>graphiariae</span> <span class='ocrx_word' id='word_1_152' title='bbox 1302 2251 1415 2314; x_wconf 89' lang='lat' dir='ltr'>thecae</span> 
     </span>
     <span class='ocr_line' id='line_1_19' title="bbox 271 2357 1415 2442; baseline -0.003 -20"><span class='ocrx_word' id='word_1_153' title='bbox 271 2359 495 2423; x_wconf 87' lang='lat' dir='ltr'>adimerentur.</span> <span class='ocrx_word' id='word_1_154' title='bbox 537 2365 627 2423; x_wconf 88' lang='lat' dir='ltr'>motu</span> <span class='ocrx_word' id='word_1_155' title='bbox 652 2359 741 2423; x_wconf 88' lang='lat' dir='ltr'>ciuili</span> <span class='ocrx_word' id='word_1_156' title='bbox 769 2381 842 2424; x_wconf 91' lang='lat' dir='ltr'>cum</span> <span class='ocrx_word' id='word_1_157' title='bbox 871 2382 941 2424; x_wconf 91' lang='lat' dir='ltr'>eum</span> <span class='ocrx_word' id='word_1_158' title='bbox 973 2360 1141 2442; x_wconf 80' lang='lat' dir='ltr'>Camillus,</span> <span class='ocrx_word' id='word_1_159' title='bbox 1169 2381 1234 2423; x_wconf 89' lang='lat' dir='ltr'>nou</span> <span class='ocrx_word' id='word_1_160' title='bbox 1263 2357 1415 2421; x_wconf 87' lang='lat' dir='ltr'>dubitans</span> 
     </span>
     <span class='ocr_line' id='line_1_20' title="bbox 269 2466 1416 2551; baseline -0.003 -22"><span class='ocrx_word' id='word_1_161' title='bbox 269 2466 365 2530; x_wconf 86' lang='lat' dir='ltr'>etiam</span> <span class='ocrx_word' id='word_1_162' title='bbox 397 2467 476 2530; x_wconf 87' lang='lat' dir='ltr'>citra</span> <span class='ocrx_word' id='word_1_163' title='bbox 504 2466 624 2530; x_wconf 90' lang='lat' dir='ltr'>bellum</span> <span class='ocrx_word' id='word_1_164' title='bbox 654 2488 746 2550; x_wconf 91' lang='lat' dir='ltr'>posse</span> <span class='ocrx_word' id='word_1_165' title='bbox 774 2468 900 2551; x_wconf 88' lang='lat' dir='ltr'>terreri,</span> <span class='ocrx_word' id='word_1_166' title='bbox 929 2467 1161 2531; x_wconf 89' lang='lat' dir='ltr'>contumeliosa</span> <span class='ocrx_word' id='word_1_167' title='bbox 1184 2469 1215 2529; x_wconf 89' lang='lat' dir='ltr'>et</span> <span class='ocrx_word' id='word_1_168' title='bbox 1242 2466 1360 2529; x_wconf 90' lang='lat' dir='ltr'>minaci</span> <span class='ocrx_word' id='word_1_169' title='bbox 1382 2469 1416 2526; x_wconf 86' lang='lat' dir='ltr'>et</span> 
     </span>
     <span class='ocr_line' id='line_1_21' title="bbox 270 2571 1452 2657; baseline -0.008 -19"><span class='ocrx_word' id='word_1_170' title='bbox 270 2575 452 2638; x_wconf 87' lang='lat' dir='ltr'>contumaci</span> <span class='ocrx_word' id='word_1_171' title='bbox 477 2573 615 2655; x_wconf 89' lang='lat' dir='ltr'>epistula</span> <span class='ocrx_word' id='word_1_172' title='bbox 639 2573 748 2638; x_wconf 88' lang='lat' dir='ltr'>cedere</span> <span class='ocrx_word' id='word_1_173' title='bbox 772 2574 907 2657; x_wconf 88' lang='lat' dir='ltr'>imperio</span> <span class='ocrx_word' id='word_1_174' title='bbox 932 2574 1056 2637; x_wconf 89' lang='lat' dir='ltr'>iuberet</span> <span class='ocrx_word' id='word_1_175' title='bbox 1083 2574 1249 2656; x_wconf 87' lang='lat' dir='ltr'>uitamque</span> <span class='ocrx_word' id='word_1_176' title='bbox 1278 2571 1414 2636; x_wconf 86' lang='lat' dir='ltr'>otiosam</span> <span class='ocrx_word' id='word_1_177' title='bbox 1431 2597 1452 2630; x_wconf 67' lang='lat'>20</span> 
     </span>
     <span class='ocr_line' id='line_1_22' title="bbox 270 2679 1415 2764; baseline -0.003 -22"><span class='ocrx_word' id='word_1_178' title='bbox 270 2679 304 2742; x_wconf 91' lang='lat' dir='ltr'>in</span> <span class='ocrx_word' id='word_1_179' title='bbox 329 2680 457 2762; x_wconf 87' lang='lat' dir='ltr'>priuata</span> <span class='ocrx_word' id='word_1_180' title='bbox 481 2702 514 2742; x_wconf 89' lang='lat' dir='ltr'>rc</span> <span class='ocrx_word' id='word_1_181' title='bbox 538 2700 645 2764; x_wconf 86' lang='lat' dir='ltr'>agere,</span> <span class='ocrx_word' id='word_1_182' title='bbox 674 2680 835 2744; x_wconf 90' lang='lat' dir='ltr'>dubitauit</span> <span class='ocrx_word' id='word_1_183' title='bbox 863 2680 1016 2744; x_wconf 88' lang='lat' dir='ltr'>adhibitis</span> <span class='ocrx_word' id='word_1_184' title='bbox 1043 2679 1244 2763; x_wconf 89' lang='lat' dir='ltr'>principibus</span> <span class='ocrx_word' id='word_1_185' title='bbox 1273 2679 1352 2742; x_wconf 82' lang='lat' dir='ltr'>uiris</span> <span class='ocrx_word' id='word_1_186' title='bbox 1375 2700 1415 2740; x_wconf 90' lang='lat' dir='ltr'>au</span> 
     </span>
    </p>

    <p class='ocr_par' dir='ltr' id='par_1_6' title="bbox 214 2780 1454 3190">
     <span class='ocr_line' id='line_1_23' title="bbox 214 2780 1417 2870; baseline 0.002 -26"><span class='ocrx_word' id='word_1_187' title='bbox 214 2780 262 2844; x_wconf 74' lang='lat'>36</span> <span class='ocrx_word' id='word_1_188' title='bbox 272 2789 515 2869; x_wconf 89' lang='lat' dir='ltr'>optemperaret.</span> <span class='ocrx_word' id='word_1_189' title='bbox 554 2787 707 2869; x_wconf 88' lang='lat' dir='ltr'>quasdam</span> <span class='ocrx_word' id='word_1_190' title='bbox 727 2787 861 2850; x_wconf 90' lang='lat' dir='ltr'>insidias</span> <span class='ocrx_word' id='word_1_191' title='bbox 884 2792 1003 2851; x_wconf 88' lang='lat' dir='ltr'>temere</span> <span class='ocrx_word' id='word_1_192' title='bbox 1028 2787 1149 2850; x_wconf 89' lang='lat' dir='ltr'>delatas</span> <span class='ocrx_word' id='word_1_193' title='bbox 1173 2785 1252 2851; x_wconf 90' lang='lat' dir='ltr'>adeo</span> <span class='ocrx_word' id='word_1_194' title='bbox 1277 2784 1417 2870; x_wconf 88' lang='lat' dir='ltr'>expauit,</span> 
     </span>
     <span class='ocr_line' id='line_1_24' title="bbox 269 2892 1417 2977; baseline -0.003 -21"><span class='ocrx_word' id='word_1_195' title='bbox 269 2898 305 2956; x_wconf 92' lang='lat' dir='ltr'>ut</span> <span class='ocrx_word' id='word_1_196' title='bbox 335 2892 491 2975; x_wconf 90' lang='lat' dir='ltr'>deponere</span> <span class='ocrx_word' id='word_1_197' title='bbox 520 2893 688 2976; x_wconf 88' lang='lat' dir='ltr'>imperium</span> <span class='ocrx_word' id='word_1_198' title='bbox 720 2894 936 2977; x_wconf 88' lang='lat' dir='ltr'>temptauerit.</span> <span class='ocrx_word' id='word_1_199' title='bbox 984 2895 1136 2977; x_wconf 87' lang='lat' dir='ltr'>quodam,</span> <span class='ocrx_word' id='word_1_200' title='bbox 1165 2897 1202 2957; x_wconf 94' lang='lat' dir='ltr'>ut</span> <span class='ocrx_word' id='word_1_201' title='bbox 1229 2915 1327 2976; x_wconf 90' lang='lat' dir='ltr'>supra</span> <span class='ocrx_word' id='word_1_202' title='bbox 1354 2894 1417 2954; x_wconf 91' lang='lat' dir='ltr'>ret-</span> 
     </span>
     <span class='ocr_line' id='line_1_25' title="bbox 271 2998 1418 3083; baseline -0.001 -22"><span class='ocrx_word' id='word_1_203' title='bbox 271 2998 333 3062; x_wconf 89' lang='lat' dir='ltr'>tuli</span> <span class='ocrx_word' id='word_1_204' title='bbox 361 2999 499 3083; x_wconf 79' lang='lat' dir='ltr'>&lt;c.13&gt;,</span> <span class='ocrx_word' id='word_1_205' title='bbox 535 3022 606 3064; x_wconf 89' lang='lat' dir='ltr'>cum</span> <span class='ocrx_word' id='word_1_206' title='bbox 639 3000 724 3063; x_wconf 86' lang='lat' dir='ltr'>ferro</span> <span class='ocrx_word' id='word_1_207' title='bbox 758 3001 842 3064; x_wconf 88' lang='lat' dir='ltr'>circa</span> <span class='ocrx_word' id='word_1_208' title='bbox 875 3001 1106 3066; x_wconf 88' lang='lat' dir='ltr'>sacrificantem</span> <span class='ocrx_word' id='word_1_209' title='bbox 1140 3022 1174 3064; x_wconf 93' lang='lat' dir='ltr'>se</span> <span class='ocrx_word' id='word_1_210' title='bbox 1209 2999 1418 3082; x_wconf 89' lang='lat' dir='ltr'>deprehenso,</span> 
     </span>
     <span class='ocr_line' id='line_1_26' title="bbox 270 3106 1454 3190; baseline -0.004 -22"><span class='ocrx_word' id='word_1_211' title='bbox 270 3109 415 3169; x_wconf 90' lang='lat' dir='ltr'>senatum</span> <span class='ocrx_word' id='word_1_212' title='bbox 435 3126 492 3188; x_wconf 90' lang='lat' dir='ltr'>per</span> <span class='ocrx_word' id='word_1_213' title='bbox 510 3126 682 3188; x_wconf 87' lang='lat' dir='ltr'>praecones</span> <span class='ocrx_word' id='word_1_214' title='bbox 701 3128 836 3190; x_wconf 88' lang='lat' dir='ltr'>propere</span> <span class='ocrx_word' id='word_1_215' title='bbox 856 3108 1048 3173; x_wconf 86' lang='lat' dir='ltr'>conuocauit</span> <span class='ocrx_word' id='word_1_216' title='bbox 1065 3106 1270 3190; x_wconf 82' lang='lat' dir='ltr'>lacrimisque</span> <span class='ocrx_word' id='word_1_217' title='bbox 1285 3110 1317 3169; x_wconf 89' lang='lat' dir='ltr'>et</span> <span class='ocrx_word' id='word_1_218' title='bbox 1331 3107 1416 3168; x_wconf 92' lang='lat' dir='ltr'>uoci·</span> <span class='ocrx_word' id='word_1_219' title='bbox 1431 3125 1454 3163; x_wconf 75' lang='lat' dir='ltr'>rs</span> 
     </span>
    </p>

    <p class='ocr_par' dir='ltr' id='par_1_7' title="bbox 169 3212 1417 3298">
     <span class='ocr_line' id='line_1_27' title="bbox 169 3212 1417 3298; baseline 0.001 -24"><span class='ocrx_word' id='word_1_220' title='bbox 169 3217 171 3220; x_wconf 80' lang='grc'><strong>’</strong></span> <span class='ocrx_word' id='word_1_221' title='bbox 269 3213 424 3276; x_wconf 86' lang='lat' dir='ltr'>feratioue</span> <span class='ocrx_word' id='word_1_222' title='bbox 452 3212 622 3276; x_wconf 91' lang='lat' dir='ltr'>miseratus</span> <span class='ocrx_word' id='word_1_223' title='bbox 651 3219 700 3276; x_wconf 88' lang='lat' dir='ltr'>est</span> <span class='ocrx_word' id='word_1_224' title='bbox 724 3213 944 3277; x_wconf 91' lang='lat' dir='ltr'>condicionem</span> <span class='ocrx_word' id='word_1_225' title='bbox 967 3236 1072 3298; x_wconf 87' lang='lat' dir='ltr'>suam,</span> <span class='ocrx_word' id='word_1_226' title='bbox 1100 3215 1152 3278; x_wconf 88' lang='lat' dir='ltr'>cui</span> <span class='ocrx_word' id='word_1_227' title='bbox 1175 3212 1257 3277; x_wconf 91' lang='lat' dir='ltr'>nihil</span> <span class='ocrx_word' id='word_1_228' title='bbox 1279 3212 1343 3275; x_wconf 92' lang='lat' dir='ltr'>tuti</span> <span class='ocrx_word' id='word_1_229' title='bbox 1366 3233 1417 3275; x_wconf 93' lang='lat' dir='ltr'>us-</span> 
     </span>
    </p>

    <p class='ocr_par' dir='ltr' id='par_1_8' title="bbox 271 3319 1418 3403">
     <span class='ocr_line' id='line_1_28' title="bbox 271 3319 1418 3403; baseline 0 -22"><span class='ocrx_word' id='word_1_230' title='bbox 271 3341 367 3402; x_wconf 88' lang='lat' dir='ltr'>quam</span> <span class='ocrx_word' id='word_1_231' title='bbox 401 3322 498 3403; x_wconf 87' lang='lat' dir='ltr'>esset,</span> <span class='ocrx_word' id='word_1_232' title='bbox 531 3341 568 3383; x_wconf 88' lang='lat' dir='ltr'>ac</span> <span class='ocrx_word' id='word_1_233' title='bbox 605 3319 659 3382; x_wconf 91' lang='lat' dir='ltr'>diu</span> <span class='ocrx_word' id='word_1_234' title='bbox 691 3319 822 3402; x_wconf 89' lang='lat' dir='ltr'>publico</span> <span class='ocrx_word' id='word_1_235' title='bbox 856 3320 1020 3384; x_wconf 90' lang='lat' dir='ltr'>abstinuit.</span> <span class='ocrx_word' id='word_1_236' title='bbox 1066 3320 1257 3383; x_wconf 86' lang='lat' dir='ltr'>Messalinae</span> <span class='ocrx_word' id='word_1_237' title='bbox 1290 3340 1418 3403; x_wconf 89' lang='lat' dir='ltr'>quoque</span> 
     </span>
    </p>

    <p class='ocr_par' dir='ltr' id='par_1_9' title="bbox 270 3425 1416 3510">
     <span class='ocr_line' id='line_1_29' title="bbox 270 3425 1416 3510; baseline 0 -22"><span class='ocrx_word' id='word_1_238' title='bbox 270 3447 413 3503; x_wconf 84' lang='lat' dir='ltr'>amorem</span> <span class='ocrx_word' id='word_1_239' title='bbox 437 3425 724 3508; x_wconf 88' lang='lat' dir='ltr'>flagrantissimum</span> <span class='ocrx_word' id='word_1_240' title='bbox 752 3448 817 3489; x_wconf 92' lang='lat' dir='ltr'>non</span> <span class='ocrx_word' id='word_1_241' title='bbox 845 3430 911 3490; x_wconf 89' lang='lat' dir='ltr'>tam</span> <span class='ocrx_word' id='word_1_242' title='bbox 935 3427 1128 3510; x_wconf 86' lang='lat' dir='ltr'>indignitate</span> <span class='ocrx_word' id='word_1_243' title='bbox 1150 3425 1416 3490; x_wconf 87' lang='lat' dir='ltr'>contumeliarum</span> 
     </span>
    </p>

    <p class='ocr_par' dir='ltr' id='par_1_10' title="bbox 272 3531 1417 3616">
     <span class='ocr_line' id='line_1_30' title="bbox 272 3531 1417 3616; baseline 0 -22"><span class='ocrx_word' id='word_1_244' title='bbox 272 3554 368 3615; x_wconf 87' lang='lat' dir='ltr'>quam</span> <span class='ocrx_word' id='word_1_245' title='bbox 398 3532 533 3614; x_wconf 88' lang='lat' dir='ltr'>periculi</span> <span class='ocrx_word' id='word_1_246' title='bbox 561 3536 649 3596; x_wconf 91' lang='lat' dir='ltr'>metu</span> <span class='ocrx_word' id='word_1_247' title='bbox 677 3533 807 3616; x_wconf 89' lang='lat' dir='ltr'>abiecit,</span> <span class='ocrx_word' id='word_1_248' title='bbox 836 3555 907 3598; x_wconf 93' lang='lat' dir='ltr'>cum</span> <span class='ocrx_word' id='word_1_249' title='bbox 938 3533 1082 3597; x_wconf 89' lang='lat' dir='ltr'>adultero</span> <span class='ocrx_word' id='word_1_250' title='bbox 1107 3531 1185 3598; x_wconf 87' lang='lat' dir='ltr'>Silio</span> <span class='ocrx_word' id='word_1_251' title='bbox 1210 3531 1337 3615; x_wconf 88' lang='lat' dir='ltr'>adquiri</span> <span class='ocrx_word' id='word_1_252' title='bbox 1359 3533 1417 3595; x_wconf 90' lang='lat' dir='ltr'>im-</span> 
     </span>
    </p>

    <p class='ocr_par' dir='ltr' id='par_1_11' title="bbox 271 3638 1456 3723">
     <span class='ocr_line' id='line_1_31' title="bbox 271 3638 1456 3723; baseline -0.003 -23"><span class='ocrx_word' id='word_1_253' title='bbox 271 3639 396 3720; x_wconf 90' lang='lat' dir='ltr'>perium</span> <span class='ocrx_word' id='word_1_254' title='bbox 422 3638 619 3723; x_wconf 81' lang='lat' dir='ltr'>credidisset3</span> <span class='ocrx_word' id='word_1_255' title='bbox 649 3661 711 3722; x_wconf 92' lang='lat' dir='ltr'>quo</span> <span class='ocrx_word' id='word_1_256' title='bbox 736 3644 880 3722; x_wconf 90' lang='lat' dir='ltr'>tempore</span> <span class='ocrx_word' id='word_1_257' title='bbox 905 3640 1032 3704; x_wconf 88' lang='lat' dir='ltr'>foedum</span> <span class='ocrx_word' id='word_1_258' title='bbox 1062 3641 1095 3703; x_wconf 89' lang='lat' dir='ltr'>iu</span> <span class='ocrx_word' id='word_1_259' title='bbox 1119 3640 1249 3703; x_wconf 91' lang='lat' dir='ltr'>modum</span> <span class='ocrx_word' id='word_1_260' title='bbox 1273 3639 1456 3722; x_wconf 83' lang='lat' dir='ltr'>trepidusao</span> 
     </span>
    </p>

    <p class='ocr_par' dir='ltr' id='par_1_12' title="bbox 271 3744 1419 3830">
     <span class='ocr_line' id='line_1_32' title="bbox 271 3744 1419 3830; baseline 0.003 -25"><span class='ocrx_word' id='word_1_261' title='bbox 271 3744 311 3806; x_wconf 88' lang='lat' dir='ltr'>ad</span> <span class='ocrx_word' id='word_1_262' title='bbox 332 3746 436 3807; x_wconf 88' lang='lat' dir='ltr'>castra</span> <span class='ocrx_word' id='word_1_263' title='bbox 456 3745 610 3830; x_wconf 83' lang='lat' dir='ltr'>confugit,</span> <span class='ocrx_word' id='word_1_264' title='bbox 628 3746 711 3809; x_wconf 92' lang='lat' dir='ltr'>nihil</span> <span class='ocrx_word' id='word_1_265' title='bbox 729 3749 799 3809; x_wconf 88' lang='lat' dir='ltr'>tota</span> <span class='ocrx_word' id='word_1_266' title='bbox 817 3748 870 3810; x_wconf 91' lang='lat' dir='ltr'>uia</span> <span class='ocrx_word' id='word_1_267' title='bbox 891 3769 987 3829; x_wconf 89' lang='lat' dir='ltr'>quam</span> <span class='ocrx_word' id='word_1_268' title='bbox 1006 3750 1157 3810; x_wconf 89' lang='lat' dir='ltr'>essetne</span> <span class='ocrx_word' id='word_1_269' title='bbox 1176 3747 1252 3810; x_wconf 84' lang='lat' dir='ltr'>sibi</span> <span class='ocrx_word' id='word_1_270' title='bbox 1271 3745 1419 3810; x_wconf 90' lang='lat' dir='ltr'>saluum</span> 
     </span>
    </p>
   </div>
   <div class='ocr_carea' id='block_1_3' title="bbox 272 3853 486 3860">
    <p class='ocr_par' dir='ltr' id='par_1_13' title="bbox 272 3853 486 3860">
     <span class='ocr_line' id='line_1_33' title="bbox 272 3853 486 3860; baseline -0.005 0"><span class='ocrx_word' id='word_1_271' title='bbox 272 3853 486 3860; x_wconf 75' lang='lat'><strong><em>--——-—--.-——.</em></strong></span> 
     </span>
    </p>
   </div>
   <div class='ocr_carea' id='block_1_4' title="bbox 273 3902 1420 4133">
    <p class='ocr_par' dir='ltr' id='par_1_14' title="bbox 273 3902 1420 4133">
     <span class='ocr_line' id='line_1_34' title="bbox 345 3902 1420 3972; baseline 0.001 -19"><span class='ocrx_word' id='word_1_272' title='bbox 345 3909 360 3953; x_wconf 82' lang='lat'><strong>8</strong></span> <span class='ocrx_word' id='word_1_273' title='bbox 387 3902 477 3954; x_wconf 83' lang='lat' dir='ltr'>Victor</span> <span class='ocrx_word' id='word_1_274' title='bbox 498 3902 570 3956; x_wconf 76' lang='lat' dir='ltr'>Caes.</span> <span class='ocrx_word' id='word_1_275' title='bbox 586 3906 642 3967; x_wconf 79' lang='lat'>4,1</span> <span class='ocrx_word' id='word_1_276' title='bbox 667 3918 839 3970; x_wconf 88' lang='lat' dir='ltr'>quamquam</span> <span class='ocrx_word' id='word_1_277' title='bbox 859 3946 863 3956; x_wconf 93' lang='lat'>.</span> <span class='ocrx_word' id='word_1_278' title='bbox 881 3947 886 3957; x_wconf 90' lang='lat'>.</span> <span class='ocrx_word' id='word_1_279' title='bbox 903 3946 908 3955; x_wconf 93' lang='lat'><strong>.</strong></span> <span class='ocrx_word' id='word_1_280' title='bbox 927 3903 1048 3972; x_wconf 88' lang='lat' dir='ltr'>pauidus</span> <span class='ocrx_word' id='word_1_281' title='bbox 1069 3947 1074 3957; x_wconf 93' lang='lat'>.</span> <span class='ocrx_word' id='word_1_282' title='bbox 1092 3947 1096 3957; x_wconf 95' lang='lat'><em>.</em></span> <span class='ocrx_word' id='word_1_283' title='bbox 1117 3904 1205 3957; x_wconf 89' lang='lat' dir='ltr'>animi</span> <span class='ocrx_word' id='word_1_284' title='bbox 1233 3907 1262 3957; x_wconf 91' lang='lat' dir='ltr'>et</span> <span class='ocrx_word' id='word_1_285' title='bbox 1289 3903 1420 3972; x_wconf 86' lang='lat' dir='ltr'>ignauior</span> 
     </span>
     <span class='ocr_line' id='line_1_35' title="bbox 273 3982 1418 4052; baseline 0.001 -19"><span class='ocrx_word' id='word_1_286' title='bbox 273 3983 347 4050; x_wconf 80' lang='lat' dir='ltr'>(inde</span> <span class='ocrx_word' id='word_1_287' title='bbox 367 3982 443 4048; x_wconf 74' lang='lat' dir='ltr'>Epir.</span> <span class='ocrx_word' id='word_1_288' title='bbox 460 3984 518 4045; x_wconf 78' lang='grc'>4,3</span> <span class='ocrx_word' id='word_1_289' title='bbox 541 3982 661 4049; x_wconf 90' lang='lat' dir='ltr'>ignauus</span> <span class='ocrx_word' id='word_1_290' title='bbox 685 3999 718 4036; x_wconf 87' lang='lat' dir='ltr'>ac</span> <span class='ocrx_word' id='word_1_291' title='bbox 741 3985 872 4052; x_wconf 81' lang='lat' dir='ltr'>pauidus)</span> <span class='ocrx_word' id='word_1_292' title='bbox 897 3987 983 4049; x_wconf 88' lang='lat' dir='ltr'>esset,</span> <span class='ocrx_word' id='word_1_293' title='bbox 1011 3984 1145 4052; x_wconf 87' lang='lat' dir='ltr'>pleraque</span> <span class='ocrx_word' id='word_1_294' title='bbox 1169 4001 1219 4052; x_wconf 88' lang='lat' dir='ltr'>per</span> <span class='ocrx_word' id='word_1_295' title='bbox 1241 3983 1418 4038; x_wconf 82' lang='lat' dir='ltr'>formidinem</span> 
     </span>
     <span class='ocr_line' id='line_1_36' title="bbox 273 4061 849 4133; baseline 0.002 -18"><span class='ocrx_word' id='word_1_296' title='bbox 273 4066 368 4115; x_wconf 84' lang='lat' dir='ltr'>tamen</span> <span class='ocrx_word' id='word_1_297' title='bbox 388 4061 500 4130; x_wconf 86' lang='lat' dir='ltr'>egregie</span> <span class='ocrx_word' id='word_1_298' title='bbox 521 4061 698 4115; x_wconf 87' lang='lat' dir='ltr'>consultabat</span> <span class='ocrx_word' id='word_1_299' title='bbox 718 4064 762 4132; x_wconf 82' lang='lat' dir='ltr'>(cs.</span> <span class='ocrx_word' id='word_1_300' title='bbox 778 4069 804 4129; x_wconf 80' lang='lat'>4,</span> <span class='ocrx_word' id='word_1_301' title='bbox 815 4066 849 4133; x_wconf 90' lang='lat'>9).</span> 
     </span>
    </p>
   </div>
   <div class='ocr_carea' id='block_1_5' title="bbox 403 4155 487 4162">
    <p class='ocr_par' dir='ltr' id='par_1_15' title="bbox 403 4155 487 4162">
     <span class='ocr_line' id='line_1_37' title="bbox 403 4155 487 4162; baseline 0.012 -1"><span class='ocrx_word' id='word_1_302' title='bbox 403 4155 487 4162; x_wconf 77' lang='lat'><strong>——..-.</strong></span> 
     </span>
    </p>
   </div>
   <div class='ocr_carea' id='block_1_6' title="bbox 275 4187 1422 4575">
    <p class='ocr_par' dir='ltr' id='par_1_16' title="bbox 275 4187 1422 4575">
     <span class='ocr_line' id='line_1_38' title="bbox 346 4187 1422 4259; baseline 0.002 -21"><span class='ocrx_word' id='word_1_303' title='bbox 346 4189 531 4254; x_wconf 89' lang='lat' dir='ltr'>3pretorque</span> <span class='ocrx_word' id='word_1_304' title='bbox 546 4187 742 4241; x_wconf 76' lang='lat' dir='ltr'>destinatusT</span> <span class='ocrx_word' id='word_1_305' title='bbox 798 4190 954 4256; x_wconf 80' lang='lat' dir='ltr'>7togatum</span> <span class='ocrx_word' id='word_1_306' title='bbox 971 4189 1085 4243; x_wconf 83' lang='lat' dir='ltr'>Casaab.</span> <span class='ocrx_word' id='word_1_307' title='bbox 1141 4190 1222 4259; x_wconf 87' lang='lat' dir='ltr'>8ac]</span> <span class='ocrx_word' id='word_1_308' title='bbox 1238 4191 1287 4242; x_wconf 88' lang='lat' dir='ltr'>aut</span> <span class='ocrx_word' id='word_1_309' title='bbox 1302 4189 1328 4254; x_wconf 83' lang='lat' dir='ltr'>S,</span> <span class='ocrx_word' id='word_1_310' title='bbox 1348 4190 1376 4241; x_wconf 86' lang='lat' dir='ltr'>at</span> <span class='ocrx_word' id='word_1_311' title='bbox 1390 4189 1422 4241; x_wconf 89' lang='lat' dir='ltr'><em>N</em></span> 
     </span>
     <span class='ocr_line' id='line_1_39' title="bbox 277 4265 1419 4340; baseline 0.001 -21"><span class='ocrx_word' id='word_1_312' title='bbox 277 4273 308 4319; x_wconf 91' lang='lat'>10</span> <span class='ocrx_word' id='word_1_313' title='bbox 328 4265 518 4334; x_wconf 88' lang='lat' dir='ltr'>spectaculato</span> <span class='ocrx_word' id='word_1_314' title='bbox 534 4267 558 4319; x_wconf 83' lang='lat' dir='ltr'><em>G</em></span> <span class='ocrx_word' id='word_1_315' title='bbox 577 4267 657 4334; x_wconf 86' lang='lat' dir='ltr'>(spic-</span> <span class='ocrx_word' id='word_1_316' title='bbox 678 4267 857 4336; x_wconf 64' lang='lat' dir='ltr'>namu)</span> <span class='ocrx_word' id='word_1_317' title='bbox 941 4275 971 4322; x_wconf 91' lang='lat'>11</span> <span class='ocrx_word' id='word_1_318' title='bbox 992 4269 1082 4321; x_wconf 90' lang='lat' dir='ltr'>uicem</span> <span class='ocrx_word' id='word_1_319' title='bbox 1102 4271 1229 4340; x_wconf 74' lang='lat' dir='ltr'>Bentley,</span> <span class='ocrx_word' id='word_1_320' title='bbox 1249 4272 1283 4337; x_wconf 81' lang='lat' dir='ltr'>cf.</span> <span class='ocrx_word' id='word_1_321' title='bbox 1300 4272 1419 4340; x_wconf 52' lang='grc'><strong>1111945</strong></span> 
     </span>
     <span class='ocr_line' id='line_1_40' title="bbox 277 4345 1420 4417; baseline 0.002 -18"><span class='ocrx_word' id='word_1_322' title='bbox 277 4353 308 4400; x_wconf 89' lang='grc'>13</span> <span class='ocrx_word' id='word_1_323' title='bbox 329 4345 435 4413; x_wconf 86' lang='lat' dir='ltr'>sagulis</span> <span class='ocrx_word' id='word_1_324' title='bbox 453 4346 477 4398; x_wconf 84' lang='lat' dir='ltr'><em>G</em></span> <span class='ocrx_word' id='word_1_325' title='bbox 564 4353 596 4399; x_wconf 79' lang='grc'><strong>17</strong></span> <span class='ocrx_word' id='word_1_326' title='bbox 616 4349 666 4399; x_wconf 87' lang='lat' dir='ltr'>aut</span> <span class='ocrx_word' id='word_1_327' title='bbox 683 4348 864 4416; x_wconf 87' lang='lat' dir='ltr'>graphiariae</span> <span class='ocrx_word' id='word_1_328' title='bbox 883 4350 922 4402; x_wconf 84' lang='lat' dir='ltr'>ed.</span> <span class='ocrx_word' id='word_1_329' title='bbox 939 4350 1016 4402; x_wconf 82' lang='lat' dir='ltr'>Rom.</span> <span class='ocrx_word' id='word_1_330' title='bbox 1032 4351 1070 4403; x_wconf 89' lang='grc' dir='ltr'>ΙΙ</span> <span class='ocrx_word' id='word_1_331' title='bbox 1085 4351 1119 4403; x_wconf 85' lang='lat' dir='ltr'>ut.</span> <span class='ocrx_word' id='word_1_332' title='bbox 1141 4349 1234 4417; x_wconf 78' lang='lat' dir='ltr'>(Roth)</span> <span class='ocrx_word' id='word_1_333' title='bbox 1312 4351 1341 4404; x_wconf 88' lang='lat' dir='ltr'>ct</span> <span class='ocrx_word' id='word_1_334' title='bbox 1358 4353 1420 4402; x_wconf 68' lang='lat' dir='ltr'>aab</span> 
     </span>
     <span class='ocr_line' id='line_1_41' title="bbox 275 4425 1419 4499; baseline 0 -20"><span class='ocrx_word' id='word_1_335' title='bbox 275 4427 374 4479; x_wconf 89' lang='lat' dir='ltr'>thecae</span> <span class='ocrx_word' id='word_1_336' title='bbox 389 4425 452 4476; x_wconf 85' lang='lat' dir='ltr'>cdd.</span> <span class='ocrx_word' id='word_1_337' title='bbox 471 4426 576 4479; x_wconf 71' lang='lat' dir='ltr'>Mero</span> <span class='ocrx_word' id='word_1_338' title='bbox 641 4433 672 4480; x_wconf 84' lang='lat'>19</span> <span class='ocrx_word' id='word_1_339' title='bbox 689 4430 749 4480; x_wconf 78' lang='lat' dir='ltr'>ctra</span> <span class='ocrx_word' id='word_1_340' title='bbox 765 4428 791 4482; x_wconf 85' lang='lat' dir='ltr'><em>G</em></span> <span class='ocrx_word' id='word_1_341' title='bbox 854 4431 882 4481; x_wconf 89' lang='lat' dir='ltr'>et</span> <span class='ocrx_word' id='word_1_342' title='bbox 902 4430 1061 4482; x_wconf 87' lang='lat' dir='ltr'>contumaci</span> <span class='ocrx_word' id='word_1_343' title='bbox 1074 4431 1124 4483; x_wconf 86' lang='lat' dir='ltr'>del.</span> <span class='ocrx_word' id='word_1_344' title='bbox 1140 4431 1256 4499; x_wconf 74' lang='lat' dir='ltr'>Bentley</span> <span class='ocrx_word' id='word_1_345' title='bbox 1311 4436 1344 4484; x_wconf 76' lang='lat'>29</span> <span class='ocrx_word' id='word_1_346' title='bbox 1363 4427 1419 4480; x_wconf 90' lang='lat' dir='ltr'>filio</span> 
     </span>
     <span class='ocr_line' id='line_1_42' title="bbox 278 4504 859 4575; baseline 0.01 -19"><span class='ocrx_word' id='word_1_347' title='bbox 278 4507 359 4575; x_wconf 77' lang='lat' dir='ltr'>GQX</span> <span class='ocrx_word' id='word_1_348' title='bbox 375 4504 442 4570; x_wconf 74' lang='lat' dir='ltr'>(lilio</span> <span class='ocrx_word' id='word_1_349' title='bbox 462 4505 526 4558; x_wconf 90' lang='lat' dir='ltr'>silio</span> <span class='ocrx_word' id='word_1_350' title='bbox 544 4508 578 4570; x_wconf 83' lang='lat' dir='ltr'>T)</span> <span class='ocrx_word' id='word_1_351' title='bbox 657 4513 687 4559; x_wconf 82' lang='lat'>31</span> <span class='ocrx_word' id='word_1_352' title='bbox 709 4508 738 4559; x_wconf 92' lang='lat' dir='ltr'>in</span> <span class='ocrx_word' id='word_1_353' title='bbox 756 4509 859 4562; x_wconf 83' lang='lat' dir='ltr'>totaG</span> 
     </span>
    </p>
   </div>
   <div class='ocr_carea' id='block_1_7' title="bbox 0 0 1586 5100">
    <p class='ocr_par' dir='ltr' id='par_1_17' title="bbox 0 0 1586 5100">
     <span class='ocr_line' id='line_1_43' title="bbox 0 0 1586 5100; baseline 0 0"><span class='ocrx_word' id='word_1_354' title='bbox 0 0 1586 5100; x_wconf 95' lang='lat' dir='ltr'> </span> 
     </span>
    </p>
   </div>
  </div>
 </body>
</html>
