3136 5100
446 405 556 460 DIVVS
575 405 753 462 CLAVDIVS
774 419 838 468 [cir.
854 421 942 471 11-11]
1209 412 1273 475 227

125 570 261 633 matris
290 591 393 633 meae
420 567 563 633 liberta
587 573 623 632 et
647 573 824 636 ornatrix
853 571 943 656 fuit,
972 572 1035 636 sed
1064 595 1118 636 me
1146 578 1275 656 patro-

124 699 214 739 num
239 697 385 759 semper
409 676 664 761 existimauit3
687 677 759 741 hoc
777 678 864 742 ideo
885 678 978 764 dixi,
1004 680 1273 764 quodquidam

125 789 215 847 sunt
243 781 365 847 adhuc
392 783 430 846 in
455 783 564 849 domo
587 806 681 868 mea,
711 785 776 867 qui
805 807 859 848 me
883 789 1087 868 patronum
1110 809 1184 852 non
1208 812 1274 872 pu·
1328 811 1332 823 ·

123 896 218 956 tant.
261 890 316 953 sed
340 893 371 954 et
389 912 448 973 pro
468 889 623 954 tribunali
642 888 846 955 Ostiensibus
866 893 1017 974 quiddam
1036 893 1165 978 publice
1184 916 1275 958 oran-
1294 913 1309 959 3

94 1023 107 1061 s
123 996 213 1061 tibus
229 1019 302 1062 cum
314 997 546 1082 excanduisset,
559 997 660 1062 nihil
674 997 814 1062 habere
829 1021 866 1062 se
881 999 1076 1064 uociferatus
1092 1003 1148 1084 est,
1160 1023 1275 1084 quare

123 1126 188 1168 eos
204 1105 457 1188 demereatur3
472 1105 503 1169 si
519 1126 628 1188 quem
642 1104 774 1188 alium,
789 1110 825 1168 11
844 1127 882 1168 se
897 1105 1063 1170 liberum
1086 1128 1175 1170 esse.
1199 1129 1275 1171 nam

123 1211 180 1277 illa
200 1213 268 1276 cius
293 1211 453 1276 cotidiana
472 1215 504 1276 ct
527 1212 622 1294 plane
646 1214 790 1276 omnium
809 1211 961 1276 horarum
982 1217 1014 1276 et
1037 1217 1273 1278 momentorum

123 1321 228 1382 erant:
254 1319 357 1402 quid,
382 1340 451 1404 ego
471 1318 546 1381 tibi
565 1317 797 1404 Telegenius
816 1299 975 1383 uideor?
995 1324 1038 1384 et:
1063 1321 1196 1404 λάλ<ε>1
1219 1319 1273 1385 καὶ

122 1427 168 1509 μὴ
193 1430 343 1508 θίγγανε,
373 1425 537 1508 multaque
563 1425 641 1488 talia
665 1426 762 1489 etiam
791 1427 927 1509 priuatis
960 1427 1129 1510 deformia,
1156 1426 1274 1490 nedum

80 1557 107 1594 ιο
122 1533 277 1617 principi,
304 1555 407 1614 neque
436 1532 608 1597 infacundo
632 1554 734 1615 neque
758 1533 900 1618 indocto,
929 1535 1029 1598 immo
1058 1534 1154 1598 etiam
1178 1534 1274 1616 perti-

123 1641 248 1704 naciter
269 1639 459 1704 liberalibus
483 1639 598 1703 studiis
622 1640 739 1705 dedito.

212 1745 393 1811 Historiam
427 1747 460 1809 in
493 1746 709 1809 adulescentia
741 1746 891 1811 hortante
924 1746 959 1811 T.
987 1747 1095 1832 Liuio,
1130 1745 1272 1831 Sulpicio
1282 1747 1325 1814 41

123 1875 202 1916 uero
226 1852 326 1916 Flauo
356 1853 453 1916 etiam
475 1853 662 1938 adiuuante,
690 1854 828 1917 scribere
852 1834 1022 1938 adgressus
1047 1858 1103 1918 est.
1147 1858 1272 1917 etcum
1364 1931 1368 1943 ι

122 1961 264 2044 primum
295 1959 456 2042 frequenti
487 1959 647 2024 auditorio
679 1961 906 2045 commisisset,
937 1982 1031 2045 aegre
1060 1960 1198 2045 perlegit
1227 1981 1273 2023 re·
1304 1967 1313 1986 ²

81 2089 107 2126 15
123 2066 297 2152 frigeretus
329 2088 422 2150 saepe
452 2090 470 2130 a
498 2071 599 2130 semet
626 2067 711 2158 ipso,
748 2089 823 2130 nam
852 2073 924 2130 'cum
953 2067 1045 2130 initio
1074 2068 1273 2132 recitationis

123 2159 275 2237 defractis
304 2174 524 2258 compluribus
555 2173 705 2238 subsellis
734 2173 890 2238 obesitate
920 2160 1085 2238 cuiusdam
1115 2175 1199 2238 risus
1224 2195 1274 2237 ex-

123 2285 215 2345 ortus
239 2286 331 2364 esset,
353 2302 394 2344 ne
413 2281 523 2345 sedato
543 2280 671 2364 quidem
695 2280 838 2344 tumultu
857 2285 1035 2365 temperare
1053 2281 1169 2365 potuit,
1195 2280 1274 2364 quin

123 2410 163 2451 ex
187 2387 358 2452 interuallo
383 2387 518 2451 subinde
540 2389 618 2452 facti
641 2388 901 2453 reminisceretur
925 2388 1160 2470 cachinnosque
1184 2409 1273 2452 reuo-

123 2498 219 2560 caret.
265 2496 299 2558 in
326 2495 510 2579 principatu
538 2516 666 2578 quoque
699 2499 730 2558 et
763 2495 892 2579 scripsit
925 2494 1100 2578 plurimum
1134 2499 1166 2558 et
1197 2496 1308 2560 assi-a

80 2622 107 2659 20
124 2602 185 2665 due
209 2601 359 2666 recitauit
381 2623 438 2685 per
461 2601 622 2666 lectorem.
665 2601 801 2665 initium
818 2605 925 2665 autem
954 2602 1092 2688 sumpsit
1119 2600 1273 2664 historiae

121 2712 199 2793 post
227 2707 354 2772 caedem
380 2707 525 2772 Caesaris
557 2709 736 2791 dictatoris,
770 2709 825 2772 sed
849 2713 881 2772 et
904 2708 1034 2772 transiit
1057 2708 1097 2771 ad
1120 2707 1274 2771 inferiora

121 2820 270 2897 tempora
297 2817 466 2898 coepitque
494 2839 512 2878 a
540 2837 617 2898 pace
647 2816 748 2899 ciuili,
777 2838 850 2880 cum
880 2815 1014 2878 sentiret
1043 2837 1146 2898 neque
1173 2815 1274 2878 libere

120 2943 227 3006 neque
250 2943 325 2986 uere
350 2923 412 2987 sibi
436 2923 475 2986 de
499 2922 720 3005 superioribus
739 2922 887 2986 tradendi
906 2926 1099 3005 potestatem
1120 2921 1274 3003 relictam,

35 3077 42 3102 .
121 3033 290 3112 correptus
314 3051 408 3112 saepe
432 3034 464 3092 et
487 3052 505 3092 a
528 3034 631 3093 matre
655 3033 687 3093 et
710 3029 749 3092 ab
774 3029 854 3092 auia.
897 3028 1013 3110 prioris
1038 3028 1189 3091 materiae
1210 3027 1272 3091 duo

79 3153 107 3196 2⁵
122 3137 303 3219 uolumina,
332 3129 521 3219 posterioris
545 3158 644 3200 unum
670 3141 701 3200 et
726 3135 939 3221 quadraginta
964 3135 1103 3218 reliquit.
1146 3151 1308 3217 compo-3

122 3244 189 3307 suit
209 3248 241 3306 et
265 3243 307 3306 de
326 3245 408 3307 uita
428 3265 493 3307 sua
516 3248 587 3306 octo
607 3243 782 3326 uolumina,
805 3243 910 3327 magis
930 3243 1037 3328 inepte
1057 3264 1152 3325 quam
1177 3242 1273 3304 inele-

122 3354 250 3434 ganter3
264 3351 342 3413 item
354 3348 551 3414 Ciceronis
567 3351 826 3414 defensionem
843 3341 1027 3413 aduersus
1043 3347 1154 3411 Asini
1170 3347 1272 3410 Galli

121 3458 246 3521 libros
274 3457 352 3520 satis
376 3457 543 3520 eruditam.
589 3479 690 3521 nouas
715 3457 812 3520 etiam
841 3460 1041 3521 commentus
1070 3459 1119 3518 est
1148 3455 1272 3518 litteras

121 3569 188 3628 tres
217 3585 253 3628 ac
281 3586 415 3628 numero
444 3569 590 3628 ueterum
620 3565 711 3647 quasi
744 3564 883 3627 maxime
912 3563 1107 3626 necessarias
1135 3561 1272 3643 addidit,

79 3686 107 3726 ³⁰
123 3672 160 3734 de
191 3693 325 3754 quarum
356 3673 479 3734 ratione
510 3693 582 3735 curn
616 3672 762 3755 priuatus
796 3671 900 3742 adhuc
931 3670 1081 3732 uolumen
1113 3669 1272 3750 edidisset,

121 3801 199 3843 mox
222 3779 371 3862 princeps
394 3800 461 3856 non
484 3778 657 3842 difficulter
681 3780 822 3861 optinuit
845 3781 882 3840 ut
905 3779 939 3840 in
962 3799 1022 3840 usu
1048 3797 1177 3859 quoque
1201 3797 1272 3857 pro-

194 4065 210 4113 6
230 4059 281 4114 illa
299 4060 370 4131 eius]
390 4060 467 4113 illius
483 4065 512 4113 X
616 4065 632 4113 8
651 4060 808 4129 telegonius
830 4059 893 4125 Gr,
913 4057 1100 4128 Telegennius
1114 4057 1237 4125 Scalipcr

122 4135 1273 4210 111111’.1111111111Λ11Λ111(1111111111111111111118Τ,1111Πρ),11.(11111112
1314 4178 1316 4185 .
1359 4171 1361 4176 -

123 4228 137 4274 9
157 4222 194 4291 μὴ
213 4218 334 4291 θίγγανε
351 4222 506 4287 Turnebus,
531 4221 728 4275 ΜΕΘΙΝΓὰΝὰ
743 4220 834 4287 MLS,
855 4220 942 4270 ΜΗΘ·
961 4219 1007 4271 ret.
1022 4218 1140 4287 (June
1157 4215 1272 4285 GHQT,

122 4302 359 4358 trinitatatem
373 4301 419 4371 R),
438 4318 471 4355 ss.
486 4301 600 4368 loquere
615 4300 654 4352 L²
737 4306 769 4352 16
789 4318 827 4353 aa
846 4296 1002 4351 diffractis?
1089 4302 1121 4349 19
1139 4297 1275 4349 recitauit

123 4383 236 4437 assidue
252 4382 278 4435 G
333 4387 366 4434 20
383 4381 539 4450 perlectorr'r
556 4383 592 4434 M
654 4377 1235 4445 21adalinudaappendantur

123 4464 219 4518 etdet.
238 4463 314 4516 Torr.
331 4463 470 4532 (Madcip)
562 4467 595 4513 23
614 4463 784 4529 potestatem
804 4465 866 4512 urite
886 4457 1072 4511 (1111111161
1163 4461 1196 4508 26
1217 4457 1273 4509 ele-

123 4547 222 4613 gunter
239 4543 263 4596 G
338 4547 371 4596 30
390 4541 522 4594 uolumen
541 4541 633 4594 adhuc
649 4540 819 4594 MLPS¹Rd
838 4543 915 4608 (corr.
932 4539 973 4603 Sl,
992 4537 1124 4590 uolumen
1144 4555 1194 4590 om.
1214 4537 1249 4604 T)

1004 4627 1055 4680 15*
