3166 5106
527 378 530 384 ·
567 367 733 424 TlBERIVS
753 379 818 429 [cas.
834 381 922 430 ro-rs]
944 419 946 424 ,
1256 367 1318 432 159

143 607 345 623 Ἄκη-..-

156 638 498 736 Qash&

260 746 317 812 Bis
336 746 467 809 omnino
488 748 557 810 toto
577 755 717 810 secessus
737 749 882 830 tempore
896 745 1033 810 Romam
1053 745 1156 810 redire
1175 740 1373 829 conatus,72

170 853 269 917 semel
303 853 429 920 triremi
460 865 562 936 usque
596 853 635 916 ad
669 853 834 936 proximos
866 851 1075 917 naumachiae
1106 852 1219 918 hortos
1247 851 1320 915 suh·
1393 861 1417 894 v

138 963 282 1024 auectus
311 963 360 1024 est
387 959 543 1042 disposita
566 960 704 1024 statione
727 981 785 1043 per
806 959 893 1043 ripas
917 958 1056 1042 Tiberis,
1085 981 1165 1042 quae
1190 959 1320 1024 obuiam

169 1066 360 1150 prodeuntis
383 1066 598 1148 submoueret,
622 1066 739 1134 iterum
758 1065 867 1150 Appia
890 1088 992 1150 usque
1016 1065 1057 1131 ad
1080 1066 1252 1150 septimum
1275 1067 1320 1131 la

169 1173 291 1258 pidem3
323 1173 379 1237 sed
410 1173 589 1257 prospectis
617 1173 713 1238 modo
746 1194 805 1237 neo
835 1173 931 1239 aditis
959 1173 1049 1241 urbis
1077 1173 1246 1238 moenibus
1273 1195 1320 1260 re7

170 1280 243 1356 diit,
272 1279 376 1363 primo
405 1279 563 1368 incertum
592 1302 655 1363 qua
683 1280 722 1344 de
750 1301 857 1360 causa,
885 1285 998 1364 postea
1025 1283 1152 1366 ostento
1180 1279 1320 1344 territus.

169 1391 240 1450 erat
268 1386 296 1450 ei
325 1386 359 1450 in
388 1386 632 1452 oblectamentis
660 1407 790 1470 serpens
823 1387 933 1468 draco,
964 1397 1058 1470 quem
1087 1409 1125 1451 ex
1154 1390 1355 1452 consuetu-a

120 1519 152 1558 10
170 1493 245 1558 dine
268 1515 364 1559 manu
384 1501 442 1561 sua
460 1492 624 1557 cibaturus
644 1515 716 1557 cum
735 1498 961 1578 consumptum
980 1516 999 1556 a
1016 1493 1159 1561 formicis
1173 1493 1321 1560 inuenis-

170 1604 232 1684 set,
260 1599 402 1665 monitus
430 1604 478 1663 est
504 1604 542 1664 ut
569 1600 637 1664 uim
665 1600 883 1664 multitudinis
911 1604 1047 1665 caueret.
1089 1601 1215 1665 rediens
1229 1634 1230 1640 κ
1243 1623 1319 1686 ergo

169 1728 306 1790 propere
329 1704 536 1790 Campaniam
564 1705 703 1774 Asturae
731 1708 765 1770 in
792 1707 981 1794 languorem
1005 1707 1132 1792 incidit,
1149 1730 1220 1795 „quo
1243 1707 1335 1791 pau·⁴
1365 1757 1367 1764 .

169 1815 237 1879 lum
260 1812 388 1878 leuatus
411 1811 556 1878 Cerceios
580 1814 750 1898 pertendit.
793 1836 829 1878 ac
851 1837 891 1878 ne
916 1836 1011 1898 quam
1035 1814 1250 1899 suspicionem
1274 1814 1321 1878 in·

169 1920 334 1986 firmitatis
363 1920 467 2004 daret,
495 1921 711 1988 castrensibus
738 1921 823 1986 ludis
848 1943 914 1986 non
937 1925 1064 1987 tantum
1087 1920 1243 2007 interfuit,
1267 1919 1321 1986 sed

124 2051 154 2092 ra
171 2027 421 2095 etiam'missum
439 2027 473 2092 in
491 2026 644 2092 harenam
664 2051 778 2112 aprum
797 2027 909 2092 iaculis
925 2028 1061 2111 desuper
1079 2027 1174 2112 petit,
1198 2027 1320 2091 statim·

171 2146 233 2217 que
256 2135 357 2198 latere
381 2135 535 2198 conuulso
560 2139 605 2218 et,
633 2139 670 2199 ut
685 2138 908 2218 exaestuaret,
936 2134 1065 2199 afflatus
1094 2139 1170 2199 aura
1193 2134 1226 2196 in
1250 2143 1320 2218 gra*

170 2241 295 2306 uiorem
319 2240 432 2307 recidit
451 2241 608 2306 morbum.
646 2242 840 2306 sustentauit
859 2246 966 2305 tamen
985 2240 1193 2325 aliquamdiu,
1212 2263 1321 2323 quam-
1339 2251 1355 2299 3

170 2348 221 2411 uis
240 2346 400 2412 Misenum
419 2369 520 2431 usque
540 2349 690 2413 deuectus
709 2347 793 2412 nihil
811 2370 850 2412 ex
870 2348 981 2414 ordine
1000 2347 1164 2422 cotidiano
1182 2352 1320 2431 praeter·

171 2455 329 2538 mitteret,
356 2476 397 2518 ne
425 2454 576 2520 conuiuia
604 2455 732 2538 quidem
761 2459 816 2519 aut
844 2459 965 2520 ceteras
993 2455 1177 2538 uoluptates
1201 2454 1320 2538 partim
1370 2468 1373 2476 '

125 2586 156 2628 ao
171 2561 420 2645 intemperantia
437 2562 569 2645 [partim
602 2560 865 2627 dissimulatione.
913 2583 989 2626 narn
1023 2560 1192 2627 Chariclen
1223 2561 1321 2624 medi-

172 2689 259 2751 cum,
277 2667 373 2750 'quod
400 2672 581 2734 commeatu
609 2669 757 2733 afuturus
786 2690 803 2732 e
826 2668 978 2734 conuiuio
1002 2668 1167 2754 egrediens
1190 2671 1321 2732 manum

171 2775 236 2845 sibi
261 2774 426 2840 osculandi
455 2792 550 2852 eausa
574 2774 850 2859 apprehendisset,
874 2775 1060 2840 existimans
1083 2778 1256 2858 temptatas
1280 2774 1320 2838 ab

172 2903 209 2945 eo
234 2903 342 2965 uenas,
364 2903 528 2946 remanere
552 2903 588 2946 ac
612 2882 796 2947 recumbere
818 2881 967 2948 hortatus
990 2886 1039 2946 est
1057 2903 1230 2965 cenamque
1248 2903 1321 2965 pro-

171 2989 279 3058 traxit.
321 2997 380 3052 ne'o
403 2988 560 3054 abstinuit
588 2989 817 3054 consuetudine
841 2990 918 3072 quin
946 2994 1023 3054 tunc
1047 3011 1174 3072 quoque
1198 2989 1321 3054 instans

128 3116 158 3158 so
172 3097 206 3159 in
229 3095 335 3160 medio
359 3095 501 3160 triclinio
525 3100 650 3162 astante
673 3096 787 3161 liotore
810 3095 955 3181 singulos
979 3095 1086 3161 ualere
1111 3095 1244 3160 dicentis
1268 3117 1321 3178 ap·
1353 3125 1357 3131 „

171 3203 315 3286 pelleret.
357 3202 487 3270 interim
515 3209 588 3267 'curn
616 3203 650 3266 in
679 3204 759 3266 actis
787 3206 918 3267 senatus
949 3202 1081 3286 legisset
1109 3202 1257 3268 dimissos
1285 3201 1373 3268 ac'l3

172 3331 211 3373 ne
236 3309 363 3374 auditos
388 3310 516 3394 quidem
536 3310 692 3393 quosdam
715 3330 797 3392 reos,
821 3309 859 3372 de
883 3308 1000 3392 quibus
1024 3309 1161 3374 strictim
1186 3314 1219 3372 et
1240 3307 1322 3372 nihil

172 3416 260 3480 aliud
284 3439 386 3500 quarn
403 3417 586 3482 nominatos
611 3417 650 3480 ab
674 3408 780 3480 indice
799 3417 978 3500 scripserat,
1002 3438 1060 3499 pro
1081 3419 1265 3499 contempto
1289 3437 1322 3480 se

171 3523 320 3588 habitum
348 3524 487 3587 fremens
508 3528 661 3608 repetere
691 3522 828 3607 Capreas
857 3545 987 3606 quoquo
1015 3521 1111 3587 modo
1140 3523 1322 3604 destinauit,

130 3650 160 3690 so
173 3652 239 3695 non
262 3634 382 3694 temere
410 3632 582 3713 quiequam
610 3631 674 3694 nisi
702 3652 742 3694 ex
764 3633 836 3694 tuto
860 3651 1005 3712 ausurus.
1047 3629 1102 3692 sed
1124 3629 1322 3713 tempestati-

172 3737 232 3801 bus
261 3740 294 3800 et
308 3738 564 3822 ingrauescente
591 3737 626 3800 ui
653 3736 760 3801 morbi
788 3740 932 3800 retentus
960 3735 1057 3820 paulo
1085 3739 1160 3820 post
1184 3735 1265 3799 obiit
1288 3735 1322 3798 in

171 3843 252 3907 uilla
279 3843 456 3908 Lucullana
485 3847 599 3909 octauo
629 3847 661 3906 et
689 3844 924 3928 septuagesimo
954 3843 1067 3906 aetatis
1096 3864 1193 3925 anno,
1224 3842 1321 3910 tertio

169 533 307 596 militem
332 545 460 631 queque
480 529 601 626 Graece
622 532 845 622 testimonium
869 532 1105 618 interrogatum
1123 531 1186 596 nisi
1205 531 1319 596 Latine

245 4017 277 4078 31
291 4028 350 4078 sqq.
362 4011 480 4079 Eutrop.
493 4012 626 4075 V1111,3
640 4009 724 4062 tertio
735 4011 764 4062 et
775 4009 910 4063 uicesimo
920 4007 1032 4077 imperii
1047 4024 1129 4076 anno,
1143 3973 1246 4072 aetatis
1255 3975 1322 4077 'sep-

173 4141 175 4145 '
245 4152 372 4206 tuoluit
386 4154 427 4217 H,
451 4152 574 4206 uetuerit
589 4153 706 4222 Bentley
797 4153 875 4205 best
893 4152 944 4206 del.
960 4151 1033 4205 nota
1124 4150 1280 4219 8prim'nm
1295 4150 1323 4204 R

173 4235 190 4288 9'
209 4234 235 4288 ei
250 4251 300 4287 om.
317 4235 354 4287 M
362 4232 364 4236 ’
408 4237 440 4284 12
459 4231 488 4284 in
504 4231 599 4301 Camp.
615 4232 770 4301 Stephanae
824 4231 920 4285 statim
931 4239 996 4298 post
1009 4232 1129 4285 Asturae
1145 4231 1209 4284 add.
1225 4231 1324 4286 Posr

174 4320 206 4367 13
227 4312 344 4366 circeios
363 4315 434 4382 (eyr-
446 4313 481 4380 L)
498 4311 581 4381 GXQ
597 4313 641 4380 (cf.
658 4317 730 4390 Aap.
747 4313 792 4381 16)
867 4317 899 4364 15
918 4311 1003 4380 petiit
1024 4313 1047 4364 Τ
1119 4315 1151 4364 19
1170 4309 1322 4378 perintem-

173 4419 304 4490 perantia
319 4419 375 4485 M1,
398 4393 666 4487 perintiriiperantia
685 4419 743 4487 (aie)
759 4418 807 4473 Μ2
873 4424 907 4471 25
927 4417 1045 4487 singulis
1061 4416 1133 4472 MX'
1203 4417 1322 4471 dicentis

174 4503 211 4556 M
215 4499 328 4565 VL¹P¹,
349 4499 475 4552 dieentes
490 4501 541 4567 (te
553 4499 591 4566 T)
605 4500 652 4552 rel.
668 4506 693 4552 et
703 4497 782 4553 L³P²
837 4504 871 4550 30
890 4498 939 4551 sed
959 4502 1014 4557 ets
1033 4499 1082 4567 (ed.
1094 4498 1173 4552 Rom.
1183 4498 1226 4563 II,
1236 4499 1323 4568 culp.)
