3166 5106
543 359 572 414 O.
593 357 774 412 CALIGVLA
794 370 858 419 [cnr.
873 371 962 420 aas]
1265 357 1329 424 193

267 523 341 588 Non
366 523 516 587 inmerito
540 523 658 587 mentis
686 521 857 586 ualitudini
886 522 1088 587 attribuerim
1111 520 1381 588 diuersissimabl

174 631 210 694 in
235 630 347 695 eodem
370 630 459 712 uitia,
483 650 638 693 summam
663 629 888 693 confidentiam
912 633 945 694 et
973 633 1084 694 contra
1106 630 1241 695 nimium
1265 643 1330 695 me-

176 741 255 801 tum.
292 759 366 800 nam
391 737 445 819 qui
471 735 546 800 deos
567 739 658 801 tanto
678 755 773 820 opere
793 741 1018 826 contemneret,
1038 737 1077 800 ad
1095 737 1229 801 minima
1248 739 1330 802 toni-

177 848 251 907 trua
284 847 315 906 et
346 842 476 927 fulgura
505 843 667 927 coniuere,
700 846 797 926 caput
829 843 1015 928 obuoluere,
1044 846 1077 907 at
1104 865 1181 908 uero
1210 845 1331 907 maiore

142 950 342 1034 sproripere
370 971 403 1013 se
432 971 449 1012 e
479 953 579 1013 strato
608 949 668 1012 sub
696 948 879 1032 lectumque
907 950 1043 1014 condere
1071 949 1203 1014 solebat.
1244 973 1331 1034 pere-

178 1057 360 1142 grinatione
384 1057 513 1141 quidem
539 1055 699 1120 Siciliensi
723 1057 826 1120 irrisis
849 1055 987 1120 multum
1005 1057 1150 1122 locorum
1170 1058 1331 1122 miraculis

179 1168 310 1248 repente
334 1185 352 1226 a
376 1163 523 1228 Messana
553 1167 651 1228 noctu
681 1163 827 1249 profugit
855 1161 991 1227 Aetnaei
1019 1165 1150 1228 uerticis
1177 1163 1267 1228 fumo
1295 1185 1332 1229 ac

179 1289 342 1334 murmure
374 1271 569 1354 pauefactus.
623 1271 777 1334 aduersus
808 1270 962 1335 barbaros
997 1293 1126 1354 quoque
1156 1270 1367 1335 minacissia

179 1399 264 1460 mus,
293 1400 365 1442 cum
393 1381 482 1442 trans
510 1375 660 1440 Rhenum
689 1377 773 1440 inter
801 1379 965 1463 angustias
994 1377 1190 1461 densumque
1217 1399 1333 1464 agmen

127 1509 162 1549 ro
180 1487 242 1548 iter
265 1485 375 1548 essedo
399 1484 530 1569 faceret,
554 1483 678 1548 dicente
702 1483 840 1567 quodam
863 1506 930 1548 non
953 1484 1145 1548 mediocrem
1169 1485 1237 1550 fore
1261 1503 1334 1549 con·

180 1591 410 1656 sternationem
434 1591 566 1656 sicunde
589 1590 694 1654 hostis
718 1588 885 1674 appareat,
909 1611 1025 1674 equum
1049 1591 1124 1655 ilico
1149 1592 1334 1657 conscendit

180 1720 217 1762 ao
241 1719 375 1782 propere
400 1698 589 1779 <re>uersus
613 1697 653 1761 ad
676 1702 800 1782 pontes,
825 1702 860 1761 ut
883 1719 937 1762 eos
962 1697 1128 1762 calonibus
1152 1700 1184 1762 et
1203 1698 1333 1782 impedi-

180 1806 300 1868 mentis
322 1805 459 1888 stipatos
483 1803 635 1888 repperit,
658 1805 828 1888 impatiens
847 1826 956 1869 morae
975 1827 1032 1888 per
1051 1825 1163 1868 manus
1183 1825 1219 1868 ac
1239 1826 1335 1887 super

182 1913 287 1994 capita
313 1911 480 1975 hominum
509 1911 684 1976 translatus
709 1916 765 1976 est.
806 1933 882 1974 mox
906 1913 1001 1975 etiarn
1027 1911 1136 1975 audita
1159 1910 1369 1974 rebelliones

131 2041 169 2082 ra
183 2017 368 2083 Germaniae
399 2017 509 2103 fugam
541 2021 573 2081 et
606 2017 749 2082 subsidia
781 2016 877 2103 fugae
905 2018 1022 2081 classes
1050 2011 1239 2102 apparabat,
1270 2039 1334 2081 uno

183 2125 302 2189 solacio
327 2125 535 2207 adquiescens
558 2125 788 2188 transmarinas
819 2128 902 2188 certe
931 2124 992 2187 sibi
1017 2121 1238 2208 superfulmus
1262 2145 1335 2208 pro-

183 2231 315 2316 uincias,
338 2233 366 2295 si
389 2233 528 2296 uictores
548 2231 680 2316 Alpium
704 2233 788 2316 iuga,
812 2235 849 2294 ut
873 2229 1004 2314 Cimbri,
1027 2230 1194 2298 ueletiam
1214 2231 1335 2315 urbem,

182 2343 220 2401 ut
248 2337 389 2402 Senones
419 2339 594 2423 quondam,
622 2343 827 2421 occuparent,
860 2339 944 2402 unde
972 2338 1065 2402 oredo
1093 2339 1336 2422 percussoribus

183 2445 252 2510 eius
276 2450 387 2529 postea
410 2445 580 2510 consilium
603 2449 715 2508 natum
739 2443 824 2528 apud
842 2444 1075 2508 tumultuantes
1094 2444 1214 2509 milites
1234 2463 1336 2509 emen-

136 2575 170 2615 so
184 2552 298 2635 tiendi,
327 2553 433 2636 ipsum
457 2552 520 2615 sibi
544 2573 657 2615 manus
682 2551 830 2616 intulisse
854 2554 968 2616 nuntio
992 2552 1093 2616 malae
1117 2571 1244 2638 pugnae
1267 2575 1336 2635 per-

184 2660 342 2723 territum.

274 2765 404 2830 Vestitu
428 2765 628 2846 calciatuque
653 2768 685 2828 et
711 2769 816 2829 cetero
840 2764 954 2829 habitu
977 2787 1080 2848 neque
1104 2766 1209 2848 patrio
1233 2761 1391 2848 neque52

184 2873 288 2955 ciuili,
315 2894 352 2935 ac
374 2894 415 2936 ne
443 2872 530 2935 uirili
555 2871 683 2954 quidem
709 2894 746 2937 ac
774 2871 911 2954 denique
937 2871 1079 2935 humano
1109 2891 1234 2955 semper
1261 2892 1338 2936 usus

185 2984 241 3044 est.
291 2999 396 3068 saepe
418 2978 561 3062 depictas
593 2984 834 3063 gemmatasque
870 2977 1001 3041 indutus
1031 2980 1198 3064 paenulas,
1229 2996 1339 3042 manu·

141 3108 170 3148 aa
186 3087 289 3150 leatus
313 3090 346 3148 et
369 3085 549 3148 armillatus
579 3084 613 3148 in
642 3084 808 3168 publicum
832 3085 1001 3168 processit3
1030 3085 1201 3167 aliquando
1226 3086 1338 3149 serica·

185 3198 239 3256 tus
263 3197 296 3256 et
319 3191 515 3275 cycladatus3
539 3211 577 3255 ac
600 3192 696 3256 modo
720 3190 755 3256 in
779 3191 916 3275 crepidis
940 3191 993 3254 uel
1014 3193 1166 3274 coturnis,
1190 3191 1285 3255 modo
1305 3192 1339 3253 in

186 3300 401 3383 speculatoria
424 3298 542 3383 caliga,
571 3318 814 3380 nonnumquam
842 3317 935 3362 socco
959 3298 1122 3382 muliebri3
1150 3300 1340 3381 plerumque

186 3426 264 3470 uero
289 3425 383 3470 aurea
406 3405 515 3488 barba,
539 3404 662 3469 fulmen
685 3409 797 3469 tenens
824 3408 879 3468 aut
904 3403 1063 3469 fuscinam
1087 3408 1142 3470 aut
1167 3405 1339 3469 caduceum

260 3604 292 3651 22
306 3615 365 3668 sqq.
384 3599 475 3652 Victor
494 3597 568 3652 Ocea.
586 3601 611 3663 3,
627 3604 662 3652 10
689 3598 805 3651 deorum
827 3598 928 3651 habitu
955 3599 1113 3653 incedebat.
1143 3599 1284 3653 Eintnrd.
1304 3604 1341 3652 23

187 3679 294 3732 uestitu
313 3677 413 3746 patrio,
433 3679 463 3730 id
483 3681 526 3732 est
545 3678 687 3743 Francico‚
708 3679 847 3732 utebatur.

261 3853 276 3899 2
296 3850 325 3902 et
344 3850 458 3902 econtra
475 3848 500 3901 G
577 3854 594 3899 4
613 3849 643 3900 at
663 3847 710 3916 (ad
726 3849 774 3915 M)
793 3863 860 3900 uero
879 3848 984 3901 maiore
1004 3849 1100 3915 MLP,
1126 3849 1162 3900 ad
1181 3850 1223 3917 (at
1239 3847 1341 3916 G¹OT)

187 3945 255 3983 uero
273 3928 382 3981 maiora
400 3927 492 3982 GT'O
507 3929 659 3996 (Mudotp'),
684 3928 718 3980 ad
740 3928 848 3980 maiora
866 3943 933 3981 uero
949 3929 982 3981 H
985 3929 1018 3980 N
1020 3944 1071 3993 ρς,
1092 3929 1122 3980 at
1139 3943 1207 3981 uero
1227 3928 1264 3981 ad
1284 3945 1342 3980 ma-

188 4010 249 4062 iora
267 4008 404 4062 Heinsius
423 4009 466 4077 (cf.
485 4008 576 4060 Herm.
593 4012 629 4060 40
644 4025 673 4074 p.
690 4010 753 4076 185)
827 4011 842 4059 5
863 4023 892 4062 se
911 4009 1002 4061 stratu
1023 4008 1061 4074 G,
1082 4024 1142 4062 sese
1162 4009 1250 4061 strato
1270 4008 1291 4062 S

189 4089 392 4155 concedereM
444 4087 628 4141 dmultorum
644 4091 683 4157 (ut
696 4103 728 4140 or
742 4089 991 4158 expunctinGnt.
1004 4091 1028 4156 1)
1042 4089 1207 4158 (twenty.)
1268 4088 1342 4142 Pali-

190 4185 286 4223 corum
297 4169 413 4238 Bentley
486 4174 500 4220 ‘t
521 4168 637 4222 crateris
654 4169 679 4222 ‘e
693 4176 847 4238 perarmato
863 4169 1026 4235 libro’uffert
1044 4169 1158 4222 anneb.
1175 4170 1240 4222 adn.
1250 4173 1295 4234 27,
1305 4173 1343 4222 20

192 4254 223 4303 12
243 4265 331 4319 prope
349 4263 447 4302 uersus
462 4249 505 4314 N,
524 4263 592 4303 corr.
610 4249 733 4318 Bentley,
755 4249 932 4319 Oannepieter
999 4248 1091 4302 fontes
1111 4248 1134 4301 Y
1154 4318 1157 4326 ὁ
1201 4255 1233 4302 12
1253 4250 1343 4318 impe-

192 4329 335 4384 dientibus
356 4328 382 4382 G
456 4333 488 4381 15
509 4328 664 4397 apparebat
680 4327 753 4398 MQ1
827 4333 859 4381 18
880 4331 1012 4402 caperent
1027 4333 1055 4381 X
1138 4332 1171 4382 23
1191 4347 1243 4384 nec
1265 4331 1344 4384 deni-

192 4427 245 4478 que
261 4409 383 4474 Ernesti,
403 4409 453 4461 aut
468 4409 493 4460 d.
510 4409 589 4475 Wolf
640 4407 739 4481 <non>
759 4408 882 4462 humano
902 4410 976 4480 nnlp.
993 4409 1142 4480 (Beroald.)
1200 4416 1233 4462 24
1252 4412 1344 4479 pictas

107 4543 109 4546 .
193 4491 306 4546 Ernesti
380 4495 413 4540 28
434 4488 560 4542 fiscinam
578 4489 694 4543 MGS¹d

246 4589 383 4629 Svnronrvs
398 4588 432 4627 ed.
447 4588 514 4626 Ihm.
543 4589 561 4626 1.
1097 4584 1129 4630 13
