3142 5112
466 338 470 347 ’
498 373 606 429 uivus
625 373 744 429 wama
764 387 933 437 [1111]
1251 375 1293 440 al

149 538 262 603 ciliare.
309 560 349 602 ne
372 537 625 622 prouincialibus
648 538 775 622 quidem
796 537 1010 603 matrimoniis
1029 539 1222 604 abstinuisse
1241 537 1347 604 uelbl

148 643 207 708 hoc
231 643 371 710 disticho
391 645 554 728 <11Ῥ111Ι
569 645 654 728 330>
676 650 809 728 apparet
833 645 951 710 iactato
971 667 1073 729 aeque
1096 669 1114 710 a
1137 645 1296 710 militibus

148 772 203 833 per
226 749 383 816 Gallicum
408 752 623 837 triumphum:

173 858 325 942 urbani,
341 864 492 923 seruate
511 879 664 922 uxores:
682 859 876 924 moechum
898 861 1044 924 caluom
1064 858 1296 923 adducimus.

125 987 136 1026 a
174 986 303 1028 aurum
327 966 366 1029 in
391 964 516 1030 Gallia
539 964 752 1048 effutuisti,
774 965 836 1030 hio
860 967 1059 1050 sumpsisti
1082 969 1260 1030 mutuum.

149 1070 262 1134 dilexit
286 1076 318 1136 et
341 1074 482 1158 reginas,
510 1073 594 1136 inter
622 1094 700 1156 quas
725 1071 859 1138 Eunoen
883 1071 1028 1136 Mauram
1052 1071 1196 1158 Bogudis
1219 1071 1350 1138 uxo-52

149 1200 223 1260 rem,
248 1179 299 1242 cui
323 1180 503 1262 maritoque
527 1179 595 1243 cius
618 1178 758 1262 plurima
777 1182 808 1242 et
827 1179 983 1244 immensa
1000 1178 1129 1262 tribuit,
1152 1183 1189 1243 ut
1206 1177 1296 1242 Naso

76 1366 79 1372 Ι
150 1285 290 1368 scripsit3
324 1285 380 1348 sed
407 1286 546 1350 maxime
575 1283 791 1368 Cleopatram,
824 1306 896 1350 eum
927 1308 991 1370 qua
1021 1290 1053 1350 et
1083 1285 1233 1350 conuiuia
1262 1286 1296 1348 in

149 1393 285 1475 primam
319 1393 423 1456 lucem
461 1413 555 1476 saepe
591 1393 751 1475 protraxit
788 1397 820 1456 et
851 1393 960 1456 eadem
995 1413 1076 1456 naue
1113 1391 1295 1476 thalamego

114 1520 136 1559 1⁰
150 1519 249 1580 paene
276 1495 452 1582 Aethiopia
483 1502 576 1562 tenus
604 1497 790 1583 Aegyptum
822 1499 1016 1583 penetrauit,
1045 1500 1109 1563 nisi
1139 1499 1297 1563 exercitus

150 1606 240 1688 sequi
270 1608 464 1688 recusasset,
496 1627 593 1688 quarn
624 1604 762 1690 denique
785 1607 920 1670 accitam
950 1607 984 1670 in
1012 1605 1123 1670 urbem
1146 1627 1212 1669 non
1235 1605 1297 1668 nisi

150 1713 297 1775 maximis
321 1711 498 1775 bonoribus
522 1711 738 1796 praemiisque
762 1715 887 1776 auctam
911 1713 1035 1777 remisit
1054 1712 1220 1795 filiumque
1243 1734 1297 1774 na-

71 1860 73 1862 -
149 1822 217 1880 tum
242 1817 403 1900 appellare
426 1819 556 1882 nomine
580 1840 637 1882 suo
661 1841 774 1902 passus
794 1824 849 1883 est.
888 1841 982 1903 quem
1002 1819 1131 1902 quidem
1150 1819 1332 1884 nonnullia

151 1921 343 1988 Graecorum
372 1924 509 1989 similem
537 1947 665 2010 quoque
690 1923 817 1990 Caesari
846 1929 878 1988 et
904 1926 1064 1990 formast
1087 1926 1210 1989 incessu
1235 1929 1298 1988 tra·

117 2051 138 2090 ra
152 2030 309 2095 diderunt.
356 2030 398 2095 M.
422 2030 585 2096 Antonius
618 2032 786 2118 adgnitum
819 2033 916 2096 ctiam
949 2033 989 2096 ab
1019 2054 1057 2095 eo
1088 2034 1213 2096 senatui
1245 2032 1297 2095 ad-

151 2137 306 2220 firmauit,
342 2160 423 2222 quae
453 2139 534 2202 scire
570 2137 602 2202 C.
630 2137 765 2203 Matium
801 2144 833 2203 et
863 2137 895 2204 C.
920 2137 1060 2223 Oppium
1092 2138 1298 2222 reliquosque

152 2243 293 2308 Caesaris
323 2245 456 2330 amicos,
487 2267 624 2328 quorum
654 2244 749 2309 Gaius
777 2243 915 2329 Oppius,
946 2247 1038 2330 quasi
1067 2245 1163 2330 plane
1192 2245 1298 2309 defen-

152 2352 239 2415 sione
267 2373 305 2415 ac
332 2353 511 2434 patrocinio
539 2373 590 2417 res
619 2356 739 2437 egeret,
762 2351 880 2416 librum
905 2351 1017 2436 edidit,
1040 2373 1106 2416 non
1130 2375 1199 2417 esse
1223 2351 1298 2416 Cae-

119 2505 121 2510 ·
153 2459 229 2522 saris
262 2457 379 2542 filium,
412 2481 507 2543 quem
540 2457 711 2542 Cleopatra
743 2459 837 2523 dicat.
888 2457 1025 2523 Heluius
1059 2458 1161 2524 Cinna
1192 2464 1230 2523 tr.
1255 2459 1333 2543 ple

117 2565 310 2648 raptorisque
339 2565 504 2630 confessus
533 2569 582 2630 est
609 2565 759 2630 habuisse
787 2587 822 2628 se
850 2565 1001 2649 scriptam
1025 2571 1234 2650 paratamque
1256 2566 1299 2629 le-

153 2693 233 2756 gem,
257 2693 354 2754 quam
379 2671 494 2736 Caesar
511 2672 595 2736 ferre
613 2673 759 2736 iussisset
779 2693 851 2735 oum
870 2674 939 2755 ipsc
958 2674 1092 2756 abesset,
1116 2675 1164 2736 uti
1182 2695 1298 2737 uxores

153 2777 325 2842 liberorum
336 2779 590 2862 quaerendorum
605 2800 701 2843 causa
713 2800 792 2862 quas
804 2784 836 2843 et
851 2783 930 2864 quot
943 2779 1040 2842 uellet
1052 2780 1165 2843 ducere
1179 2779 1297 2844 liceret.

154 2888 186 2946 at
207 2907 246 2948 ne
271 2886 323 2948 cui
346 2884 479 2948 dubium
504 2887 634 2949 omnino
659 2887 701 2949 sit
725 2890 757 2949 et
780 2886 999 2969 impudicitiae
1018 2889 1050 2950 et
1069 2886 1298 2951 adulteriorum
1404 2941 1406 2946 .

153 2990 304 3076 flagrasse
327 2990 472 3076 infamia,
497 2990 594 3055 Curio
618 2996 709 3074 pater
733 2992 870 3075 quadam
895 3013 967 3068 eum
992 2993 1136 3057 oratione
1155 2994 1299 3058 omnium

119 3115 140 3154 ²⁵
154 3098 323 3162 mulierum
347 3098 453 3162 uirum
477 3103 508 3164 et
533 3099 678 3162 omnium
701 3099 846 3162 uirorum
869 3099 1036 3163 mulierem
1060 3099 1209 3184 appellat.

240 3203 318 3268 Vini
341 3205 565 3288 parcissimum
588 3227 628 3269 nc
651 3205 775 3270 inimici
799 3206 927 3288 quidem
950 3211 1157 3292 negauerunt.
1199 3205 1352 3272 Marci53

157 3309 283 3375 Catonis
311 3315 372 3375 est:
402 3334 514 3375 unum
543 3335 586 3376 ex
615 3313 791 3376 omnibus
825 3310 1022 3376 Caesarem
1053 3313 1097 3376 ad
1127 3317 1300 3377 euerten-

223 3506 293 3571 81.
313 3504 431 3571 Eutrop.
452 3505 496 3557 VI
510 3507 555 3569 22,
571 3508 588 3557 3

220 3708 237 3754 4
256 3699 369 3753 caluom
378 3699 460 3766 Roth,
475 3698 575 3752 caluon
587 3702 625 3753 M
629 3700 692 3766 GV,
707 3700 818 3752 caluam
832 3703 879 3754 rel.
949 3707 964 3753 5
980 3716 1048 3754 auro
1062 3708 1087 3755 et
1101 3709 1158 3756 tam
1172 3705 1300 3770 stuprum

155 3781 242 3834 emisti
259 3767 314 3849 pro¹
327 3777 464 3833 effutuisti
479 3778 615 3848 (effudisti
625 3779 697 3850 Lu)
703 3780 760 3834 HR
827 3780 917 3849 gallia
931 3779 973 3846 Y',
992 3780 1110 3850 galliam
1123 3783 1180 3848 rel,
1200 3781 1299 3835 Galliis

159 3859 271 3928 Gajetca
324 3862 452 3914 mutuom
466 3861 593 3915 Bdbreus
649 3863 714 3912 'lut
729 3877 778 3913 om.
795 3862 822 3914 V
871 3860 948 3914 Naso
964 3878 980 3920 ς
995 3864 1214 3932 (Maecianus),
1231 3879 1300 3916 uasa

157 3955 220 3994 corr.
239 3957 274 3994 ccc
291 3954 364 3992 nasu
382 3947 413 3994 at
431 3941 488 3993 uid.
506 3942 543 3994 M
559 3941 675 4008 (priores
692 3942 775 3993 uasta
793 3943 976 4010 acceperant),
994 3957 1064 3994 uasa
1079 3940 1156 4008 X'Y,
1175 3959 1258 3996 nasas
1275 3944 1300 3997 G

158 4023 170 4069 9
183 4019 365 4086 thalamoque
379 4018 533 4075 r¹P²0²L⁸
593 4026 624 4072 12
640 4021 819 4089 praemiaque
829 4022 902 4076 Roth
965 4022 1298 4094 13<1>1οι1ἰ11Μοά11Ι

159 4104 187 4151 16
207 4116 280 4168 quae
304 4101 369 4170 (que
389 4117 440 4168 per
462 4101 598 4169 compend.
616 4103 653 4155 M
674 4107 699 4154 et
720 4103 857 4170 plerique,
883 4119 956 4170 quae
978 4103 1043 4172 QR)
1069 4104 1151 4174 scire]
1175 4103 1300 4171 scireque

160 4179 319 4247 Glareanus,
340 4179 470 4252 <id>que
489 4181 559 4234 scire
575 4182 672 4235 Medd.
746 4182 862 4250 appium
880 4185 918 4236 M
989 4189 1021 4236 19
1042 4184 1077 4236 de
1096 4183 1239 4252 cleopatra
1259 4183 1300 4234 di-

159 4262 268 4313 11112Ἰ
347 4267 379 4313 21
404 4264 437 4314 ut
460 4261 531 4333 <e>i
550 4263 683 4315 Bllcbeler
764 4263 1116 4333 22quas]quosLPO,
1144 4262 1300 4332 quosquis

161 4339 224 4393 Oad.
297 4340 404 4395 uellent
418 4345 456 4407 X,
477 4341 565 4395 uellet
583 4341 646 4410 quis
666 4362 681 4407 ρ
755 4348 788 4394 23
808 4346 839 4395 at
858 4343 905 4411 (ad
922 4345 970 4411 M)
987 4347 1025 4409 a,
1049 4346 1134 4412 atque
1149 4346 1185 4412 (ς)
1205 4345 1249 4397 uel
1268 4359 1300 4395 ac

159 4419 209 4483 fere
226 4421 285 4475 edd.
369 4429 510 4490 cumpost
528 4421 723 4491 impudicitiae
743 4422 854 4476 adm
935 4429 967 4475 27
987 4424 1110 4477 Verbum
1130 4431 1193 4478 octe
1212 4423 1300 4476 Marci

160 4501 217 4555 cdd.
240 4501 358 4568 r'P2N,
373 4507 437 4571 post
455 4505 497 4556 est
514 4501 550 4556 0²
568 4503 613 4570 (cs.
636 4502 729 4572 Cedat.
749 4505 811 4556 inst.
833 4504 912 4557 VIII
926 4508 953 4570 2,
968 4508 995 4573 9)
