3142 5112
284 351 328 416 56
634 349 663 404 u.
683 350 841 404 aaaron
858 350 1080 415 rumorum

249 529 265 578 a
373 513 504 578 Partitis
532 519 607 598 post
634 514 805 578 uictoriam
832 514 948 579 officiis
976 536 1049 578 eum
1077 514 1239 578 Antonius
1268 513 1443 579 Orientem

284 621 508 702 ordinandum,
531 623 600 705 ipse
623 626 792 685 ueteranos
815 620 850 684 in
871 619 998 684 ltaliam
1023 621 1221 686 reducendos
1244 624 1277 684 et
1298 622 1443 685 munici-

283 727 412 812 palibus
440 729 526 813 agris
554 728 757 792 collocandos
784 729 970 811 recepisset,
999 750 1103 810 neque
1130 733 1356 791 ueteranorum
1380 749 1443 790 ne-

285 857 348 918 que
369 855 592 918 possessorum
615 836 752 920 gratiam
776 836 895 917 lenuit,
922 836 1032 898 alteris
1054 834 1133 918 pelli
1157 857 1202 918 se,
1233 834 1343 898 alteris
1365 857 1444 898 non

231 938 275 1006 14
286 964 345 1026 pro
369 963 426 1026 spe
449 942 638 1005 meritorum
660 940 792 1004 tractari
815 941 1031 1023 querentibus.
1068 963 1132 1024 quo
1151 945 1294 1024 tempore
1318 940 1353 1004 L.
1367 939 1444 1004 An-
1474 966 1486 1006 ⁵

283 1048 410 1112 tonium
433 1047 552 1112 fiducia
574 1049 769 1130 consulatus,
792 1069 889 1130 quem
911 1047 1057 1133 gerebat,
1079 1068 1117 1111 ac
1138 1048 1298 1112 fraternae
1320 1052 1443 1130 poten-

282 1155 347 1220 tiae
374 1177 425 1219 res
453 1176 553 1218 nouas
583 1155 769 1219 molientem
800 1155 973 1239 confugere
1001 1154 1166 1219 Perusiam
1197 1155 1304 1239 coegit
1333 1158 1364 1218 et
1397 1155 1443 1218 ad

283 1262 479 1326 deditionem
511 1262 595 1324 fame
627 1262 789 1345 conpulit,
819 1282 887 1325 non
917 1267 1026 1324 tamen
1054 1262 1122 1324 sine
1150 1262 1274 1346 magnis
1305 1262 1371 1324 suis
1406 1267 1442 1325 et

284 1371 357 1433 ante
381 1367 502 1432 bellum
530 1373 563 1431 et
590 1368 624 1431 in
647 1367 732 1432 bello
760 1368 1007 1432 discriminibus.
1048 1389 1123 1430 nam
1152 1388 1225 1432 cum
1249 1368 1441 1450 spectaculo

283 1475 434 1540 ludorum
462 1475 645 1560 gregarium
673 1475 811 1538 militem
844 1475 878 1537 in
905 1474 1160 1557 quattuordecim
1190 1474 1358 1537 ordinibus
1388 1496 1441 1538 se
1457 1500 1484 1538 10

283 1581 411 1645 dentem
445 1581 578 1645 excitari
609 1601 668 1664 per
700 1581 914 1663 apparitorem
949 1581 1108 1662 iussisset,
1144 1600 1272 1644 rumore
1305 1580 1344 1644 ab
1380 1581 1442 1644 ob-

284 1687 511 1752 trectatoribus
535 1687 634 1751 dilato
659 1686 751 1769 quasi
775 1687 909 1750 eundem
933 1710 1008 1750 mox
1028 1692 1060 1750 et
1079 1687 1304 1751 discruciatum
1324 1709 1441 1751 necas-

284 1799 342 1879 set,
375 1793 544 1858 minimum
577 1795 659 1857 afuit
692 1794 770 1877 quin
802 1795 921 1878 periret
954 1815 1109 1857 concursu
1146 1800 1178 1858 et
1210 1793 1441 1876 indignatione

282 1899 397 1964 turbae
421 1900 577 1964 militaris.
621 1901 716 1964 saluti
740 1901 816 1982 fuit,
844 1901 929 1983 quod
955 1902 1011 1983 qui
1040 1899 1279 1964 desiderabatur
1301 1905 1440 1983 repente

284 2008 465 2092 comparuit
489 2008 659 2070 incolumis
688 2028 724 2070 ac
748 2007 816 2070 sine
840 2008 965 2070 iniuria.
1007 2006 1091 2070 circa
1109 2005 1301 2070 Perusinum
1325 2012 1440 2070 autem
1456 2031 1482 2071 rs

283 2136 410 2177 murum
436 2114 618 2178 sacrificans
641 2135 742 2196 paene
766 2114 961 2195 interceptus
984 2117 1032 2176 est
1055 2135 1188 2176 amanu
1207 2113 1440 2198 gladiatorum,

231 2217 365 2304 lbquac
385 2220 504 2303 oppido
525 2224 680 2304 eruperat.
717 2220 850 2283 Perusia
869 2224 962 2304 capta
976 2221 1010 2282 in
1023 2219 1180 2302 plurimos
1195 2219 1440 2303 animaduertit,

284 2348 374 2390 orare
398 2327 524 2389 ueniam
549 2328 602 2390 uel
625 2348 776 2391 excusare
800 2349 833 2390 se
857 2327 1049 2391 conantibus
1073 2349 1137 2390 una
1160 2348 1238 2390 uoce
1262 2346 1439 2390 occurrens

284 2432 521 2498 moriendum
546 2453 636 2496 esse.
685 2433 832 2498 scribunt
859 2433 989 2516 quidam
1016 2437 1177 2496 trecentos
1207 2455 1245 2496 ex
1273 2431 1438 2496 dediticiis

284 2541 403 2604 electos
427 2539 596 2622 utriusque
625 2540 745 2603 ordinis
770 2540 809 2602 ad
838 2563 926 2603 aram
949 2539 1035 2602 Diuo
1059 2536 1142 2603 Iulio
1167 2543 1345 2604 extructam
1370 2536 1439 2604 Idi·
1455 2562 1482 2601 so

285 2646 344 2708 bus
375 2645 501 2709 Martiis
534 2645 712 2710 hostiarum
742 2668 830 2710 more
863 2652 1028 2710 mactatos.
1075 2631 1250 2710 extiterunt
1282 2645 1337 2728 qui
1370 2651 1439 2710 tra·
1525 2715 1530 2724 ,

285 2752 396 2817 derent
419 2753 619 2837 conls'1peoto
644 2775 716 2815 eum
740 2752 780 2816 ad
804 2775 893 2816 arma
915 2753 986 2835 isse,
1009 2758 1045 2816 ut
1065 2753 1184 2817 occulti
1202 2751 1378 2816 aduersarii
1404 2758 1440 2816 et

285 2879 366 2942 quos
389 2865 494 2923 metus
518 2859 621 2944 magis
641 2882 737 2943 quam
757 2858 906 2923 uoluntas
926 2861 1113 2942 contineret,
1137 2857 1290 2922 facultate
1313 2857 1348 2922 L.
1370 2857 1440 2923 An-

284 2967 354 3031 toni
378 2966 467 3030 ducis
490 2966 644 3049 praebita,
669 2966 893 3051 detegerentur
917 2964 1115 3048 deuictisque
1143 2965 1170 3028 is
1194 2969 1226 3028 et
1249 2964 1439 3029 confiscatis

283 3073 441 3155 promissa
465 3073 623 3136 ueteranis
646 3073 789 3156 praemia
812 3074 1020 3137 soluerentur.
1454 3094 1480 3133 25

231 3175 274 3242 16
373 3177 516 3242 Siculum
540 3179 661 3241 bellum
685 3177 849 3242 incohauit
868 3181 902 3242 in
920 3180 1046 3262 primia,
1070 3179 1124 3244 sed
1144 3178 1199 3241 diu
1218 3178 1318 3241 traxit
1337 3178 1438 3242 inter-

284 3283 415 3348 missum
450 3285 590 3368 saepius,
625 3285 722 3349 modo
754 3286 1002 3368 reparandarum
1034 3285 1183 3349 classium
1216 3305 1323 3368 causa,
1355 3307 1438 3368 quas

284 3391 529 3476 tempestatibus
554 3391 674 3474 duplici
698 3391 866 3476 naufragio
892 3396 923 3455 et
947 3392 1075 3476 quidem
1099 3414 1156 3474 per
1179 3394 1331 3454 aestatem
1357 3393 1438 3464 amiss

284 3503 378 3578 serat,
402 3499 497 3563 modo
521 3520 598 3582 pace
622 3498 715 3580 facta,
738 3499 904 3583 flagitante
927 3500 1048 3582 populo
1073 3498 1114 3562 ob
1138 3499 1330 3562 interclusos
1349 3519 1439 3563 com-

358 3719 425 3784 tes.
449 3719 563 3785 lc'utrop.
585 3718 647 3770 VII
662 3722 723 3783 3,3
752 3717 791 3770 sic
820 3717 893 3770 inter
921 3733 967 3770 eos
992 3716 1084 3770 diuisa
1112 3719 1155 3770 est
1177 3733 1221 3770 res
1245 3716 1373 3786 publica,
1404 3723 1439 3772 ut
1547 3755 1548 3762 κ

285 3797 428 3864 Augustus
448 3797 599 3865 Hispanias
619 3796 725 3850 Gallias
747 3797 858 3850 Italiam
882 3799 1002 3863 teneret,
1028 3797 1165 3850 Antonius
1191 3797 1288 3849 Asiam
1312 3797 1438 3852 Pontum
1547 3779 1548 3819 l

286 3876 435 3929 Orientem.
510 3882 526 3928 ὁ
546 3876 631 3929 Sobel.
647 3878 754 3929 Lucan.
771 3879 834 3930 141
856 3878 1008 3930 Antonium
1028 3877 1159 3930 Perusiae
1179 3876 1291 3930 obsedit
1309 3879 1339 3931 et
1358 3877 1438 3932 fame

286 3955 422 4024 compulit
441 3955 477 4008 ad
497 3955 675 4010 deditionem.

357 4151 532 4204 birroritoue
562 4153 676 4220 Beruley
755 4157 788 4204 10
812 4150 932 4204 militem
960 4169 1010 4206 oua
1037 4154 1062 4206 G
1140 4159 1172 4205 12
1200 4153 1296 4206 delato
1321 4152 1442 4228 GPST

286 4235 317 4283 17
339 4231 544 4298 orumpolratP
615 4237 647 4284 ⁶21
664 4232 761 4284 martis
778 4231 847 4300 GQa
916 4233 1244 4286 moreremaotandosG
1314 4237 1348 4284 22
1369 4249 1438 4290 con-

286 4315 381 4378 specto
401 4315 454 4378 plu
476 4312 508 4380 Qu
529 4315 567 4373 ll,
591 4311 636 4362 uel
656 4312 782 4364 consulto
801 4329 835 4366 ss.
856 4311 894 4366 1³¹
914 4315 986 4378 (ilem
1009 4315 1037 4365 iu
1059 4314 1115 4366 cod.
1136 4313 1340 4381 Duuelmenar),
1364 4331 1436 4368 corr.

288 4391 400 4458 In'psiua
473 4396 506 4442 24
527 4391 549 4442 is
563 4391 638 4453 MSS
658 4391 692 4442 iis
709 4391 770 4449 l'L.
790 4391 833 4442 his
849 4391 914 4455 rhiis
930 4393 953 4444 T
956 4410 963 4458 )
983 4393 1028 4444 rel.
1045 4399 1068 4444 el
1084 4391 1116 4445 δ’
1188 4397 1222 4443 26
1241 4391 1438 4460 persolueren-
1545 4439 1546 4454 ,

286 4476 414 4538 terpora
433 4471 491 4524 ubl.
513 4471 605 4538 {stoue
624 4487 682 4523 cum
704 4471 743 4524 ed.
765 4472 841 4524 Rom.
860 4489 902 4538 pr.
925 4473 962 4524 ΙΙ

1543 4695 1545 4706 A

1544 4729 1545 4740 l

1533 4835 1545 5068 l
