3142 5112
284 355 328 420 60
637 357 665 408 C.
685 353 842 408 SVETONI
859 354 1083 418 TRANQVILLI

284 625 397 709 spoliis
420 624 575 708 Neptuno
600 646 637 687 ac
660 623 758 688 Marti
781 625 990 700 consecrauit.

230 729 291 795 19·
373 729 545 795 Tumultus
564 730 700 814 posthac
720 734 752 794 et
770 753 877 795 rerum
896 752 1054 794 nouarum
1073 729 1167 795 initia
1186 719 1441 795 coniurationes-

285 860 347 920 que
380 839 574 921 complures,
610 839 700 921 prius
733 859 830 919 quem
867 837 1101 901 inualescerent
1133 836 1251 900 indicio
1285 838 1440 918 detectas,

284 944 475 1027 compressit
498 943 576 1007 alias
604 945 668 1008 alio
691 947 850 1027 tempore:
878 943 991 1026 Lepidi
1014 943 1153 1026 iuuenis,
1182 943 1296 1007 deinde
1318 942 1441 1006 Varro·
1473 970 1488 1008 5
1560 1007 1561 1042 ,

282 1052 333 1114 nis
357 1050 509 1114 Murenae
534 1054 565 1114 et
582 1049 686 1114 Fanni
706 1048 891 1133 Caepionis,
915 1071 990 1113 mox
1014 1049 1056 1113 M.
1075 1049 1206 1135 Egnati,
1230 1051 1304 1112 exin
1326 1047 1441 1113 Plauti

283 1157 359 1221 Rufi
382 1157 525 1240 Lucique
553 1157 646 1220 Pauli
676 1158 848 1242 progeneri
872 1158 935 1240 sui,
962 1179 999 1221 ac
1022 1161 1149 1240 praeter
1171 1156 1229 1220 hes
1253 1154 1288 1220 L.
1312 1155 1441 1220 Audasi

283 1263 436 1328 falsarum
464 1263 648 1327 tabularum
676 1264 723 1327 rei
750 1285 786 1326 ac
812 1284 917 1346 neque
945 1265 1048 1326 aetate
1071 1284 1175 1345 neque
1199 1285 1332 1347 corpore
1354 1265 1442 1326 inte-

283 1371 346 1455 gri,
370 1371 448 1433 item
471 1368 565 1433 Asini
588 1369 723 1453 Epicadi
748 1392 787 1433 ex
810 1374 906 1455 gente
928 1368 1084 1433 Parthina
1107 1369 1243 1454 ibridae,
1270 1371 1310 1434 ad
1332 1375 1440 1434 extre

284 1500 373 1540 mum
400 1477 547 1560 Telephi,
577 1476 721 1540 mulieris
750 1477 834 1540 serui
861 1475 1143 1541 nomenculatoris.
1189 1499 1265 1540 nem
1294 1498 1333 1539 ne
1360 1477 1488 1541 ulti-10
1560 1529 1561 1540 ,

283 1605 353 1647 mue
377 1584 508 1665 quidem
532 1583 627 1648 sortis
650 1583 819 1646 hominum
844 1585 1081 1667 conspiratione
1105 1587 1136 1646 et
1159 1583 1302 1666 periculo
1322 1585 1439 1646 ceruit.

248 1689 445 1754 aAudasius
469 1695 566 1772 atque
584 1689 747 1773 Epicadus
770 1687 887 1753 Iuliam
911 1691 1011 1753 filiam
1034 1695 1065 1753 et
1085 1689 1264 1774 Agrippam
1282 1694 1440 1772 nepotem

284 1820 323 1862 ex
351 1797 480 1882 insulis,
509 1797 624 1879 quibus
654 1796 915 1878 continebantur,
942 1819 1052 1880 rapere
1081 1797 1120 1860 ad
1148 1797 1321 1878 exercitus,
1345 1796 1441 1860 Tele-

283 1904 366 1989 phus
392 1905 482 1986 quasi
506 1903 613 1966 debita
637 1903 699 1966 sibi
722 1903 789 1966 fato
814 1903 1032 1967 dominatione
1055 1908 1087 1967 et
1110 1904 1216 1987 ipsum
1236 1906 1268 1967 et
1287 1906 1440 1967 senatum

283 2011 415 2096 adgredi
444 2011 649 2074 destinarent.
696 2011 775 2092 quin
807 2011 903 2074 etiam
937 2010 1098 2092 quondam
1131 2011 1221 2074 iuxta
1249 2010 1440 2073 cubiculum
1458 2035 1486 2073 ιε

283 2118 352 2181 eius
382 2117 448 2181 lixa
482 2118 611 2200 quidam
643 2139 681 2180 ex
711 2115 840 2206 illyrico
871 2119 1026 2199 exercitu,
1059 2116 1250 2180 ianitoribus
1284 2116 1441 2199 deceptis,

283 2227 382 2288 noctu
419 2224 633 2308 deprehensus
672 2228 720 2288 est
756 2225 860 2287 cultro
901 2225 1068 2287 uenatorio
1106 2225 1245 2305 cinctus,
1286 2224 1440 2306 imposne

283 2331 400 2395 mentis
429 2354 469 2394 an
502 2331 652 2394 simulata
680 2330 840 2394 dementia
867 2331 1037 2415 incertum3
1069 2331 1152 2393 nihil
1181 2331 1266 2394 enim
1297 2329 1441 2412 exprimi

285 2438 472 2520 quaestione
495 2437 609 2521 potuit.

231 2539 276 2602 20
374 2543 516 2606 Externa
548 2542 633 2606 bella
662 2543 724 2605 duo
758 2543 888 2605 omnino
917 2565 975 2625 per
1006 2565 1039 2604 se
1069 2543 1183 2627 gessit,
1215 2542 1439 2607 Delmuticum
1456 2566 1486 2607 eo
1560 2595 1561 2602 ,

284 2649 469 2715 adulescens
498 2650 603 2714 adhuc
631 2654 663 2712 et
690 2648 834 2713 Antonio
864 2649 990 2713 deuicto
1021 2646 1255 2713 Cantabricum.
1305 2648 1440 2714 Delma—

284 2756 349 2821 tico
378 2758 476 2819 etiam
505 2758 638 2820 uulnera
672 2757 810 2840 excepit,
843 2778 907 2820 una
939 2757 1005 2819 acie
1033 2756 1182 2819 dextrum
1215 2777 1299 2840 genu
1327 2755 1439 2839 lapide

284 2863 376 2946 ictus,
400 2863 499 2927 altera
523 2868 555 2927 et
578 2885 649 2926 crus
674 2868 706 2926 et
729 2867 902 2945 utrumque
924 2861 1093 2926 brachium
1116 2862 1209 2926 ruina
1227 2863 1336 2946 pontis
1359 2883 1439 2927 con-

285 2971 454 3033 sauciatus.
500 2970 623 3053 reliqua
650 2993 708 3054 per
734 2971 858 3055 legatos
888 2969 1137 3052 administrauit,
1167 2973 1204 3033 ut
1231 2973 1339 3034 tamen
1365 2970 1439 3052 qui-

284 3077 418 3140 busdam
452 3076 645 3140 Pannonicis
683 3082 779 3160 atque
814 3074 1012 3140 Germanicis
1045 3079 1100 3139 aut
1136 3077 1345 3140 interueniret
1376 3081 1439 3140 eut
1455 3099 1484 3140 25

284 3206 350 3247 non
373 3184 469 3269 longe
493 3184 626 3268 abesset,
649 3182 837 3246 Rauennam
857 3183 910 3246 uel
928 3181 1159 3247 Mediolanium
1177 3183 1231 3246 uel
1249 3181 1437 3266 Aquileiam

231 3283 385 3372 ‘tlusque
418 3291 457 3353 ab
490 3290 569 3354 urbe
606 3289 822 3374 progrediens.
872 3290 998 3353 domuit
1034 3293 1141 3352 autem
1178 3288 1295 3372 partim
1334 3289 1437 3354 ductu

1560 395 1561 438 l

282 520 391 584 locum
420 523 608 596 castrorum,
638 518 754 601 quibus
785 517 890 581 fuerat
923 539 1014 602 usne,
1046 522 1236 582 crematum
1264 517 1441 581 naualibus

1560 857 1561 888 l

356 3524 397 3571 20.
414 3525 448 3571 24
470 3519 543 3573 Oros.
565 3520 609 3572 VI
622 3523 667 3585 21,
681 3522 719 3572 22
742 3517 833 3570 multa
851 3534 901 3586 per
920 3533 948 3570 se
967 3517 1113 3584 multaque
1131 3533 1181 3586 per
1204 3517 1289 3570 duces
1309 3520 1338 3571 et
1356 3517 1438 3586 lega·

284 3601 328 3650 tos
347 3596 423 3650 bella
442 3600 536 3666 gessit.
575 3599 608 3663 cf.
629 3599 767 3651 Einhurd.
784 3603 807 3652 7.
824 3603 867 3651 12.
884 3602 918 3651 13

357 3830 508 3900 3posthpc
530 3830 589 3882 GX
658 3830 769 3897 4prius
790 3829 1011 3882 inualescentem
1031 3831 1057 3883 V
1126 3827 1231 3882 salias
1252 3830 1360 3895 VLP1,
1380 3829 1437 3884 ita-

284 3909 338 3962 lias
357 3912 400 3976 M,
420 3912 450 3962 et
468 3908 538 3963 alias
560 3909 706 3975 GT‘P'O,
725 3911 756 3962 at
775 3909 845 3962 alias
865 3911 882 3962 ἃ
959 3916 975 3962 6
994 3910 1102 3978 genaiti
1122 3912 1169 3976 M,
1188 3925 1261 3979 gena
1281 3911 1312 3975 V,
1336 3912 1437 3979 genati

284 3991 340 4055 rel,
364 4007 431 4043 corr.
452 4008 467 4048 ς
492 3992 540 4058 (cd.
561 3992 770 4058 Bouoa.1488)
844 3990 953 4042 eximd
1027 3995 1099 4042 lec
1122 4006 1172 4042 om.
1193 3990 1219 4042 V
1288 3992 1436 4058 Scorpori

287 4072 323 4123 M
326 4071 342 4134 ¹,
362 4071 485 4138 corporis
505 4070 560 4136 M2,
581 4087 726 4139 corporum
745 4073 763 4124 δ
835 4069 939 4139 integri
957 4070 1027 4122 item
1046 4069 1118 4122 asini
1138 4069 1201 4138 (-nii
1216 4070 1252 4138 G)
1269 4068 1371 4136 svs,
1390 4071 1435 4124 in-

176 4214 180 4220 ,
284 4151 387 4218 tegrite
407 4152 509 4203 masini
525 4154 561 4205 M
564 4153 581 4217 ¹,
600 4151 765 4219 integritate
783 4151 886 4203 masini
902 4152 939 4204 M
941 4149 950 4180 ²
963 4150 1139 4219 (integritate
1158 4150 1265 4202 strenui
1278 4149 1382 4203 marini
1397 4152 1433 4218 d),

284 4229 388 4297 integri
407 4232 539 4284 temesini
558 4232 658 4300 (them-
675 4233 714 4299 ll)
739 4229 810 4282 X'T
827 4233 854 4298 (a
873 4232 904 4283 in
922 4247 977 4284 ras.
998 4232 1033 4296 L)
1107 4235 1122 4284 9
1142 4229 1283 4298 parthyna
1303 4231 1351 4296 M,
1370 4247 1433 4299 par-

284 4309 362 4362 thica
377 4311 412 4362 X‘
473 4312 591 4379 ybridae
607 4311 699 4379 (hybr-
715 4313 748 4376 P,
767 4310 842 4363 hibr-
857 4311 930 4379 HR)
946 4313 971 4362 n
1032 4316 1065 4363 12
1085 4309 1230 4378 epicadios
1245 4307 1283 4362 X'
1343 4315 1377 4361 13
1397 4310 1432 4363 nd

284 4392 434 4462 exercitus]
454 4392 546 4445 adorti
567 4395 596 4458 V,
621 4393 658 4444 ed
673 4394 827 4444 extremum
845 4390 979 4444 ΤΡὈΤ
990 4390 1034 4457 (cf.
1050 4391 1066 4443 t.
1079 4393 1106 4458 9)
1187 4395 1220 4442 15
1240 4389 1396 4443 destinarat
1412 4391 1436 4442 l*

286 4472 517 4541 llinopsneL²5
591 4471 843 4524 26mediolaneum
853 4471 924 4536 MV,
940 4488 1018 4523 -num
1037 4473 1083 4524 rel.
1162 4475 1195 4522 27
1214 4469 1251 4523 ud
1265 4467 1363 4522 urbem
1375 4471 1437 4524 ΜΤ
