3136 5100
282 401 348 465 276
632 399 660 454 O.
681 399 838 455 SVll'l'ONl
857 399 1079 465 TRANQVILLI

283 565 309 627 it
327 568 418 628 extra
441 551 559 628 sortem
579 563 698 628 electus
719 564 760 626 ad
778 563 988 628 ordinandam
1007 563 1207 648 prouinciam
1227 569 1259 628 et
1279 565 1432 628 intestina

284 669 481 734 dissensione
511 674 543 734 et
573 670 782 734 barbarorum
812 668 954 734 tumultu
985 670 1174 754 inquietam,
1206 671 1432 754 ordinauitque

283 799 400 862 magna
423 777 603 842 seueritatis
633 799 671 843 ac
694 777 836 842 iustitiae
864 798 942 840 cura
971 777 1069 841 etiem
1097 779 1130 840 in
1158 777 1303 862 paruulis
1327 777 1431 842 rebus.

248 902 264 949 2
284 884 388 967 militi,
413 885 469 968 qui
490 905 548 966 per
570 883 805 968 expeditionem
828 883 990 947 artissima
1013 905 1140 948 annona
1163 883 1326 949 residuum
1349 885 1434 948 ciba-

283 991 405 1054 riorum
429 990 529 1054 tritici
547 989 690 1054 modium
715 993 844 1055 centum
868 990 1005 1054 denariis
1024 991 1207 1054 uendidisse
1230 993 1434 1078 arguebatur,
1459 1014 1469 1052 s

284 1095 397 1178 uetuit,
421 1095 517 1159 simul
540 1101 635 1180 etque
658 1095 801 1182 indigere
822 1096 894 1160 cibo
919 1097 1086 1181 coepisset,
1110 1121 1128 1161 a
1151 1119 1315 1181 quoquam
1339 1121 1433 1184 opem

283 1203 374 1288 ferri,
398 1207 430 1266 et
448 1204 475 1268 is
495 1203 578 1268 fame
596 1204 750 1268 extabuit.
792 1207 826 1267 at
844 1204 879 1267 in
897 1204 966 1267 iure
989 1204 1123 1268 dicendo
1141 1225 1215 1267 cnm
1235 1205 1273 1270 de
1291 1207 1435 1290 proprie-

285 1315 351 1374 tate
369 1308 505 1374 iumenti
524 1314 736 1394 quaereretur,
755 1311 881 1375 leuibus
896 1312 1058 1394 utrimque
1077 1313 1275 1398 argumentis
1295 1316 1328 1376 et
1346 1313 1435 1377 testi-

285 1417 344 1480 bus
367 1416 503 1500 ideoque
533 1417 658 1482 difficili
687 1417 871 1483 coniectura
901 1418 1061 1500 ueritatis,
1091 1419 1137 1481 ita
1164 1418 1306 1484 decreuit
1334 1424 1374 1484 ut
1397 1421 1436 1483 ad

284 1523 404 1607 lacum,
427 1523 483 1587 ubi
507 1524 659 1608 adaquari
683 1524 819 1606 solebat,
843 1524 1011 1588 duceretur
1033 1524 1138 1608 capite
1165 1525 1312 1590 inuoluto
1336 1531 1470 1610 atquem

286 1630 403 1695 ibidem
426 1631 567 1695 reuelato
595 1632 664 1695 eius
689 1635 786 1711 esset,
815 1632 854 1694 ad
884 1652 978 1714 quem
1006 1635 1121 1714 sponte
1146 1654 1220 1696 sea
1247 1637 1328 1715 potu
1351 1656 1436 1698 rece-

284 1739 393 1823 pisset.
1049 1771 1051 1774 ·

249 1844 272 1910 8
377 1844 426 1910 Ob
451 1867 500 1909 res
529 1849 563 1908 et
589 1848 667 1910 tuno
696 1845 729 1908 in
755 1843 865 1909 Africa
895 1849 928 1909 et
958 1845 1035 1909 olim
1065 1846 1100 1909 in
1129 1845 1297 1910 Germania
1326 1853 1436 1934 gestas

286 1957 472 2018 ornamenta
499 1951 708 2036 triumphalia
738 1953 859 2034 accepit
888 1957 921 2015 et
949 1953 1162 2018 sacerdotium
1190 1953 1321 2038 triplex,
1351 1956 1437 2019 inter

287 2059 556 2144 quindecimuiros
580 2059 767 2142 sodalesque
791 2058 894 2123 Titios
922 2060 1000 2122 item
1029 2058 1224 2144 Augustales
1250 2066 1468 2144 cooptatus31⁵

286 2169 383 2250 atque
407 2189 446 2232 ex
469 2189 506 2230 eo
530 2171 675 2250 tempore
698 2186 798 2249 prope
822 2165 861 2228 ad
890 2163 1030 2230 medium
1053 2164 1192 2231 Neronis
1216 2168 1435 2251 principatum

286 2276 320 2338 in
344 2293 470 2338 recessu
488 2273 662 2356 plurimum
685 2273 777 2355 uixit,
800 2271 899 2336 need
922 2273 1112 2356 gestandum
1131 2273 1262 2358 quidem
1281 2298 1434 2360 umquam

286 2383 348 2445 iter
371 2382 534 2466 ingressus
553 2403 649 2464 quam
672 2384 709 2443 ut
728 2400 835 2443 secum
859 2379 1009 2442 uehiculo
1032 2381 1180 2462 proximo
1201 2381 1303 2444 decies
1323 2389 1436 2447 sester-

287 2489 369 2552 tium
384 2487 417 2549 in
432 2508 509 2550 auro
525 2487 659 2569 efferret,
679 2487 779 2550 donec
794 2487 827 2549 in
846 2485 964 2570 oppido
980 2485 1101 2550 Fundis
1119 2489 1260 2552 moranti
1277 2487 1436 2572 Hispania
1527 2471 1528 2527 l

251 2608 267 2656 2
288 2594 533 2657 Tarraconensis
557 2593 665 2657 oblata
688 2598 744 2656 est.
787 2592 980 2676 acciditque,
1008 2598 1044 2657 ut
1068 2615 1141 2658 cum
1164 2595 1366 2676 prouinciam
1392 2597 1436 2660 in·
1448 2611 1470 2650 2⁰

287 2721 416 2787 gressus
440 2702 645 2782 sacrificaret,
672 2701 756 2764 intra
786 2698 896 2763 aedem
920 2699 1083 2782 publicam
1111 2723 1210 2784 puero
1203 2723 1266 2790 :9-
1279 2702 1435 2768 ministris

288 2829 430 2872 acerram
453 2809 574 2871 tenenti
605 2807 740 2890 capillus
768 2809 898 2888 repente
928 2809 998 2870 toto
1027 2807 1130 2890 capite
1155 2813 1349 2893 canesceret,
1379 2830 1436 2896 nec
1526 2795 1527 2833 ¹

289 2913 458 2998 defuerunt
486 2915 542 2998 qui
569 2914 857 2997 interpretarentur
885 2913 1061 2998 significari
1089 2936 1196 2978 rerum
1224 2917 1436 2980 mutationem

289 3042 572 3105 successurumque
603 3021 712 3084 iuueni
745 3041 867 3101 senem,
896 3019 958 3084 hoc
986 3024 1034 3085 est
1064 3020 1170 3104 ipsum
1198 3021 1330 3114 Neron—i.
1373 3045 1436 3114 nqp
1525 3047 1526 3139 q

289 3129 391 3215 multo
420 3132 494 3211 post
522 3129 555 3192 in
580 3126 770 3192 Cantabriae
797 3129 902 3190 lacum
930 3127 1053 3191 fulmen
1081 3128 1199 3192 decidit
1229 3133 1436 3214 repertaeque
1449 3143 1470 3182 ²⁵

290 3240 365 3299 sunt
376 3235 543 3300 duodecim
559 3255 693 3317 secures,
707 3233 792 3298 baud
809 3233 996 3320 ambiguum
1008 3255 1152 3298 summae
1162 3235 1289 3318 imperii
1300 3237 1436 3322 signum.

253 3338 276 3404 a
380 3340 441 3405 Per
464 3346 536 3406 octo
561 3364 661 3406 annos
684 3341 772 3404 uarie
796 3344 828 3404 et
851 3340 1098 3423 inaequabiliter
1122 3342 1323 3425 prouinciam
1347 3343 1437 3426 rexit,

289 3448 395 3532 primo
419 3469 490 3512 acer
512 3452 545 3512 et
568 3447 740 3513 uehemens
764 3450 795 3511 et
819 3448 853 3510 in
877 3447 1059 3511 coercendis
1088 3448 1217 3531 quidem
1242 3447 1367 3514 delictis
1386 3449 1437 3514 uel

291 3554 491 3618 immodicus.
532 3578 605 3618 nam
636 3559 668 3617 et
690 3553 906 3618 nummulario
934 3575 1000 3617 non
1026 3576 1064 3618 ex
1092 3554 1155 3618 fide
1178 3557 1322 3620 uersanti
1344 3578 1437 3641 pecu-

289 3662 360 3750 nias
376 3684 489 3726 manus
504 3662 684 3746 amputauit
698 3682 889 3744 mensaeque
908 3659 976 3725 eius
995 3661 1118 3745 adfixit,
1136 3665 1169 3725 et
1183 3666 1334 3742 tutorem,
1353 3661 1437 3748 quod
1449 3677 1471 3716 ³⁰

290 3768 464 3853 pupillum,
484 3769 545 3860 cui
569 3769 764 3833 substitutus
788 3767 880 3831 heres
904 3771 985 3850 erat,
1014 3790 1137 3832 ueneno
1159 3774 1319 3853 necasset,
1346 3790 1437 3834 cruce

363 3979 378 4024 3
399 3972 497 4041 etiam]
517 3971 600 4024 etiam
620 3973 649 4024 et
669 3973 733 4024 M'X
811 3976 841 4022 11
862 3969 998 4023 reuelatio
1019 3972 1056 4023 M
1126 3976 1159 4023 18
1179 3970 1306 4044 (aliter)
1325 3971 1379 4024 iter
1397 3971 1438 4023 in-

291 4069 402 4123 gressus
417 4053 492 4106 Torr.
507 4053 570 4118 sort.
585 4058 661 4118 recte,
681 4050 808 4121 <al>iter
822 4067 948 4119 egressus
964 4050 1079 4118 Lipsius
1151 4049 1209 4122 (a)
1224 4051 1350 4120 proximo
1364 4051 1437 4105 Torr.

293 4137 327 4185 20
341 4133 544 4186 terraconensis
555 4133 624 4197 MP,
643 4133 747 4185 tarasc-
762 4133 787 4184 T
856 4135 887 4182 21
909 4129 984 4183 intra
995 4133 1026 4196 Τ,
1042 4132 1071 4184 et
1084 4130 1159 4184 inter
1175 4131 1272 4196 Max,
1292 4133 1322 4184 et
1338 4130 1438 4186 intrad

292 4215 325 4266 ut
339 4213 413 4265 inter
427 4213 475 4278 11³,
495 4214 622 4266 brunam
639 4213 796 4279 suspicatur
813 4211 882 4265 Orod.
902 4213 941 4279 (et
956 4210 1103 4279 intraret?)
1177 4217 1211 4264 24
1229 4210 1438 4265 hoo—Neroni

292 4301 417 4361 suspectu
436 4294 561 4347 Bentlec'o
633 4308 684 4344 nec
699 4294 730 4345 H
741 4292 839 4361 (culp.)
912 4296 944 4343 26
964 4311 1003 4344 x11
1020 4290 1098 4345 ΘΤΧ,
1171 4291 1272 4344 summi
1284 4291 1364 4346 Gur
1375 4291 1395 4362 (i
1410 4293 1438 4344 in

292 4390 348 4426 rao.
368 4389 435 4427 corr.
455 4390 488 4426 ca
506 4391 521 4425 e
540 4379 571 4426 nt
589 4373 647 4425 oid.
660 4375 697 4437 H,
717 4369 931 4441 ambiguissimu
945 4371 997 4440 8¹),
1019 4388 1068 4426 om.
1085 4373 1102 4424 δ
1175 4377 1209 4425 28
1229 4373 1256 4425 et
1275 4372 1351 4440 (port
1368 4375 1437 4436 acer)

293 4471 344 4506 om.
356 4455 384 4506 X
453 4457 486 4504 29
501 4452 636 4521 pecunias
646 4454 696 4506 del.
708 4460 758 4507 aot
766 4452 845 4507 scrib.
856 4451 886 4503 in
896 4451 1022 4519 pecuniis
1033 4457 1119 4506 censet
1127 4453 1243 4507 Gasoub.
1317 4457 1351 4503 80
1365 4468 1437 4504 men-

294 4535 419 4600 s(a)eque
429 4533 567 4601 HQSTN,
579 4531 737 4598 mensisque
750 4531 783 4598 G,
796 4546 961 4597 mensasque
971 4533 1018 4586 rel.
1074 4531 1133 4584 eius
1146 4549 1196 4587 orn.
1205 4531 1273 4602 11¹9
1327 4531 1376 4600 qui
1389 4531 1440 4585 TN
