3098 5110
610 1233 898 1308 PRAEFATIO

266 1413 402 1476 Suetonii
425 1414 460 1473 de
485 1416 549 1474 uita
573 1414 732 1476 Caesarum
756 1417 853 1492 operis
881 1417 1038 1492 antiquum
1062 1416 1213 1492 exemplar
1235 1436 1328 1474 unum

175 1503 383 1564 tantummodo
411 1504 449 1562 ad
477 1504 606 1563 medinm
634 1507 763 1564 aetatem
791 1507 941 1580 peruenit,
964 1523 999 1563 ex
1023 1523 1081 1580 quo
1104 1505 1235 1582 pendent
1257 1504 1327 1564 libri

175 1594 282 1669 scripti
301 1596 448 1669 quotquot
464 1595 659 1652 innotuerunt
677 1587 787 1655 omnes.
824 1593 904 1670 quod
919 1594 1070 1670 exemplar
1083 1597 1118 1652 ut
1131 1595 1328 1670 principalem

175 1687 241 1742 octo
272 1682 417 1742 librorum
446 1681 638 1756 diuisionem,
670 1701 760 1758 quam
791 1687 866 1743 teste
897 1682 990 1742 Suida
1020 1681 1212 1742 Gasaubonus
1243 1702 1327 1743 reuo-

175 1773 272 1844 cauit,
289 1773 352 1830 iem
374 1771 563 1830 obscuratam
595 1763 746 1852 babuit¹),
778 1774 824 1832 ita
851 1774 943 1832 uariis
966 1773 1050 1832 uitiis
1078 1771 1242 1832 minoribus
1265 1791 1327 1832 ma-

174 1859 350 1935 ioribusque
374 1859 571 1935 deprauatum
593 1861 666 1934 fuit,
695 1879 764 1920 raro
787 1853 1115 1938 interpolationibus2),
1143 1863 1261 1938 saepius
1285 1862 1328 1920 la·

174 1941 308 2030 cunis³),
335 1967 461 2024 quarum
489 1950 668 2027 grauissima
695 1951 727 2008 in
754 1951 902 2026 principio
931 1949 1028 2026 operis
1056 1952 1165 2010 amisso
1189 1953 1328 2009 comitur.

174 2057 246 2098 nam
270 2039 411 2097 mutilum
434 2055 497 2097 esse
520 2041 649 2114 primum
667 2038 777 2098 librum
799 2039 857 2098 uiri
876 2038 958 2097 docti
976 2038 1088 2097 dudum
1106 2043 1329 2114 perspexerunt,

174 2143 274 2203 neque
305 2125 511 2200 Casaubonus,
542 2129 740 2204 interpretum
772 2128 942 2202 Tranquilli
978 2129 1067 2187 facile
1103 2129 1253 2204 princeps,
1291 2129 1329 2187 ad

173 2221 259 2276 certe
282 2216 383 2276 damni
401 2218 518 2292 accepti
537 2219 712 2294 argumenta
731 2217 891 2276 euertenda
914 2217 1020 2275 ualuit.
1054 2235 1121 2277 cum
1144 2219 1245 2276 sutem
1269 2237 1329 2278 non

174 2307 268 2382 eaput
290 2307 409 2364 tantum
432 2304 617 2364 desideretur
643 2307 725 2365 uitae
749 2305 820 2364 Diui
848 2297 954 2386 luli⁴),
986 2304 1036 2364 sed
1064 2307 1213 2382 praefatio
1237 2309 1329 2365 etiem

174 2395 213 2455 sd
239 2393 455 2470 G.,Septioium
480 2394 599 2453 Clarum
633 2395 815 2471 praefectum
848 2397 1013 2470 praetorio,
1045 2413 1135 2470 quam
1167 2394 1330 2454 Laurentio

173 2483 261 2561 Lydo
283 2486 387 2546 notem
416 2485 507 2542 fuisse
535 2485 658 2556 ssimae,
688 2487 769 2542 recte
792 2484 919 2543 Rothius
947 2486 1086 2544 statuisse
1110 2483 1230 2543 uidetur
1252 2485 1327 2542 inte·

173 2593 263 2651 grum
301 2573 526 2647 quaternionem
561 2572 717 2649 deperisse.
725 2566 750 2654 ⁵)
807 2576 1014 2643 conseruetum
1050 2573 1125 2632 illud
1162 2573 1242 2631 idem
1276 2592 1330 2632 suo

172 2665 241 2722 iure
264 2662 411 2724 conclusit
437 2663 470 2720 in
494 2661 620 2722 Francia
648 2662 814 2738 imperante
838 2661 945 2721 Carolo
969 2663 1087 2740 Magno,
1113 2681 1170 2737 quo
1194 2663 1329 2738 principe

172 2755 312 2810 ueterum
335 2751 506 2810 litterarum
529 2770 640 2810 nouum
663 2751 795 2810 studium
819 2753 938 2823 exarsit,
960 2751 1169 2827 multiplicatis
1189 2752 1331 2827 exemplis

173 2839 304 2900 describi
327 2843 478 2915 coeptum,
506 2858 607 2898 eorum
632 2859 707 2914 quae
732 2839 771 2899 ed
793 2859 847 2898 nos
871 2844 1071 2916 peruenerunt
1095 2842 1228 2898 omnium
1252 2858 1330 2899 com·

173 2948 298 2988 munem
312 2929 456 3004 originem
473 2931 503 2986 et
517 2930 605 3004 quasi
619 2933 773 3004 parentem
787 2929 900 2988 fectum
915 2947 986 3003 esse,
1000 2931 1103 3005 itaque
1117 2930 1235 2988 saeculo
1251 2948 1329 2988 nono

173 3019 275 3094 prima
292 3020 361 3093 post
381 3019 514 3094 gentium
528 3019 738 3096 migrationem
756 3019 880 3095 reperiri
895 3017 1024 3095 uestigia
1039 3021 1136 3093 operis
1152 3017 1330 3076 Suetonieni

173 3107 248 3166 lecti
275 3110 305 3165 et
332 3107 364 3164 in
387 3125 475 3165 usum
499 3109 642 3166 conuersi.
717 3111 750 3166 et
773 3107 914 3181 certiore,
941 3108 1000 3166 nisi
1023 3107 1123 3166 omnia
1145 3107 1271 3181 fallunt,
1294 3105 1329 3164 de

173 3197 254 3254 libro
279 3196 440 3272 archetypo
464 3195 542 3255 effici
565 3199 698 3271 possunt,
720 3195 753 3254 id
776 3196 855 3272 quod
879 3197 992 3273 primus
1020 3196 1137 3255 monuit
1160 3195 1331 3254 Ludouicus

174 3276 336 3364 Traube.⁶)
382 3286 517 3346 extitisse
546 3283 669 3344 Suetoni
702 3286 853 3361 exemplar
885 3284 966 3362 apud
997 3285 1158 3344 Fuldenses
1191 3286 1222 3342 in
1256 3285 1331 3344 duos

174 3392 231 3433 neo
258 3392 382 3451 magnos
415 3374 529 3433 codices
561 3375 691 3432 diuisum
719 3374 828 3434 litteris
857 3373 1011 3446 discimus,
1035 3393 1108 3450 quus
1132 3393 1157 3432 a.
1174 3375 1238 3431 844
1264 3373 1330 3431 Ser·

173 3467 266 3522 uatus
284 3462 397 3539 Lupus,
420 3463 511 3521 abbas
530 3463 727 3523 Ferrariensis
746 3468 892 3538 notusque
911 3463 1091 3540 philologus,
1115 3462 1151 3520 ad
1172 3463 1329 3520 Marowar-
1400 3466 1402 3470 ’

174 3553 248 3610 dum
267 3551 469 3611 Prumiensem
488 3551 625 3610 abbatem
646 3545 686 3633 (a.
699 3545 889 3632 ste-853)
909 3552 1000 3625 dedit,
1024 3552 1074 3610 ubi
1092 3551 1178 3611 haec:
1203 3547 1331 3620 ‘Quaeso

270 3741 295 3807 1)
315 3737 355 3793 of.
376 3739 596 3810 subscriptiones
616 3739 790 3808 singularum
809 3739 941 3792 ulturum.

269 3813 295 3878 2)
313 3809 408 3865 Peuce
432 3811 584 3865 admodum
603 3811 707 3865 Rothio
730 3810 902 3879 interpolata
927 3812 989 3863 uiso
1013 3813 1090 3876 sunt,
1118 3810 1241 3878 plurime
1264 3809 1331 3862 Tor-

176 3881 279 3947 rentio,
297 3881 425 3936 Bentleio
445 3883 565 3951 aliisque
583 3883 652 3935 uiris
671 3883 775 3946 doctis,
796 3899 812 3935 a
831 3882 933 3950 quibus
951 3882 1037 3950 plane
1056 3882 1201 3948 dissentio,
1220 3881 1250 3933 in
1268 3884 1331 3934 tan-

177 3957 240 4006 tum
258 3955 290 4006 ut
309 3971 343 4007 ne
362 3953 505 4008 Rothiane
528 3954 642 4021 quidem
664 3954 834 4024 glossemate
854 3954 1014 4007 admiserim
1034 3952 1128 4007 omnia
1146 3953 1331 4020 dubitemque

178 4023 271 4078 edhuc
291 4025 325 4078 de
344 4025 395 4079 Iul.
412 4031 445 4078 30
464 4044 492 4094 p.
509 4031 550 4093 16,
562 4031 595 4078 27
607 4044 647 4094 sq.

270 4098 296 4165 ,3)
316 4095 448 4149 Tractaui
467 4097 618 4150 nonnullas
637 4097 730 4151 Herm.
747 4102 780 4149 36
800 4115 826 4164 p.
843 4101 893 4148 291
906 4113 965 4164 sqq.
985 4101 1019 4149 40
1039 4114 1066 4164 p.
1082 4101 1133 4149 182
1145 4112 1204 4164 sqq.

270 4170 296 4236 4)
315 4166 357 4220 De
381 4168 429 4234 iis,
453 4185 525 4234 quoe
549 4170 625 4236 apud
649 4167 719 4221 elios
744 4171 871 4221 auctores
897 4168 1023 4220 extantia
1049 4167 1085 4220 ad
1105 4166 1239 4220 amissum
1265 4165 1331 4218 libri

178 4238 292 4291 initium
316 4239 457 4307 pertinere
483 4240 578 4306 putari
597 4243 726 4308 possunt,
753 4239 783 4291 in
809 4239 1008 4292 commentario
1028 4239 1177 4292 dicendum
1197 4237 1258 4290 erit.
1295 4238 1331 4290 de

179 4310 256 4364 Seru.
267 4311 335 4364 Aen.
351 4307 389 4368 VI
404 4315 455 4363 798
474 4329 500 4362 u.
521 4312 558 4364 ad
577 4312 648 4379 Aug.
665 4315 698 4363 94
717 4329 744 4378 p.
762 4316 821 4374 108,
832 4315 874 4364 29.

269 4385 296 4448 ὅ)
316 4380 356 4434 Of.
376 4381 405 4435 F.
420 4383 485 4445 Lac,
505 4381 556 4435 Die
576 4381 761 4451 griech.-rdm.
778 4380 948 4450 Biographie
967 4400 994 4450 p.
1011 4388 1035 4436 3.

269 4456 295 4521 6)
314 4452 406 4506 Neues
425 4453 529 4507 Archiv
548 4454 597 4506 der
617 4452 803 4506 Gesellschaft
821 4453 866 4506 fiir
885 4452 973 4507 'altere
992 4451 1133 4506 Deutsche
1153 4450 1331 4506 Gesobichts-

179 4525 274 4579 kunde
293 4523 396 4578 XXVII
414 4543 440 4592 p.
457 4530 573 4591 266sq.;
594 4525 628 4578 cf.
644 4524 737 4577 Herm.
754 4529 787 4576 40
807 4543 833 4592 p.
852 4529 910 4577 179.
