3142 5112
496 353 604 408 131va
623 353 814 408 AVGVSTVS
834 365 899 415 [crs.
915 366 1003 415 ss-se]
1281 356 1322 420 91

170 518 213 582 ad
240 539 369 582 omnem
398 521 431 581 et
458 519 527 582 eius
556 522 588 584 et
611 516 765 582 Iuliarum
791 519 986 582 mentionem
1010 519 1223 604 ingemiscens
1251 541 1324 604 pro-

171 624 310 690 clamare
335 623 431 688 etiam
455 623 580 689 solebat
602 623 954 707 <H0m‚1l.11140>:
1008 637 1011 642 '

274 729 345 796 αἴθ’
364 733 489 814 ὄφελον
512 732 638 816 ἄγαμός
661 729 688 795 τ’
707 727 819 812 ἔμεναι
844 734 963 814 ἄγονός
986 731 1014 795 τ’
1033 731 1216 798 ἀπολέσθαι

168 859 230 901 nec
257 837 352 902 aliter
379 859 434 902 eos
462 839 625 922 appellare
649 860 744 922 quam
773 839 832 902 tris
860 839 1003 904 uomicas
1031 859 1068 902 ac
1095 839 1158 903 tria
1181 841 1323 905 carcino-

138 949 258 1009 smata
281 965 347 1008 sua.

259 1049 430 1116 Amicitias
453 1073 556 1134 neque
581 1050 674 1116 facile
698 1051 829 1116 admisit
848 1056 881 1116 et
902 1052 1161 1117 constantissime
1178 1049 1375 1135 retinuittlss

166 1179 236 1222 non
266 1162 395 1222 tantum
428 1158 564 1222 uirtutes
597 1181 634 1224 ac
665 1160 780 1224 merita
812 1159 967 1241 cuiusque
999 1159 1094 1243 digne
1124 1164 1323 1244 prosecutus,

167 1265 225 1328 sed
258 1264 339 1329 uitia
368 1286 496 1348 quoque
524 1269 556 1328 et
585 1265 716 1346 delicta,
743 1265 820 1330 dum
844 1268 935 1330 taxat
966 1266 1107 1348 modica,
1144 1287 1321 1350 perpessus.

165 1393 273 1454 neque
297 1372 383 1436 enim
406 1375 525 1436 temere
549 1393 588 1435 ex
612 1373 699 1466 omni
727 1394 862 1437 numero
887 1372 921 1435 in
948 1372 1091 1436 amicitia
1116 1373 1184 1437 eius
1207 1373 1321 1437 afflicti

120 1505 152 1544 io
167 1478 370 1561 reperientur
387 1483 513 1561 praeter
536 1476 757 1543 Saluidienum
781 1477 913 1562 Rufum,
937 1501 1031 1561 quem
1055 1479 1095 1543 ad
1119 1478 1320 1544 consulatum

166 1607 283 1668 usque,
306 1589 338 1650 et
362 1582 547 1650 Cornelium
572 1583 709 1668 Gallum,
733 1607 828 1667 quern
852 1586 891 1649 ad
915 1587 1147 1668 praefecturam
1170 1585 1322 1671 Aegypti,

166 1714 208 1754 ex
232 1691 345 1755 infima
367 1695 540 1775 utrumque
563 1693 695 1756 fortuna
717 1696 916 1777 prouexerat.
955 1714 1090 1776 quorum
1115 1694 1251 1758 alterum
1270 1706 1356 1758 resa

75 1867 77 1869 ,
164 1820 270 1862 nouas
298 1798 485 1863 molientem
513 1799 731 1863 damnandum
759 1799 884 1863 senatui
912 1797 1058 1883 tradidit,
1088 1798 1181 1863 alteri
1210 1800 1251 1863 ob
1276 1801 1322 1863 in·

165 1909 297 1991 gratum
321 1910 353 1970 et
377 1903 566 1969 maliuolum
591 1905 734 1970 animum
758 1905 854 1969 domo
878 1910 910 1969 ct
935 1905 1112 1990 prouinciis
1136 1907 1202 1970 suis
1227 1907 1321 1971 inter-

119 2013 259 2078 redixit.
307 2013 362 2077 sad
386 2010 478 2076 Gallo
503 2034 632 2095 quoque
661 2016 692 2075 et
719 2016 940 2085 accusatorum
969 2011 1265 2076 denuntiationibus
1288 2018 1322 2077 at

165 2123 298 2183 senatus
328 2120 484 2183 consultis
513 2119 552 2182 ad
583 2141 693 2184 necem
717 2121 873 2204 conpulso
900 2119 1045 2184 laudauit
1069 2120 1197 2203 quidem
1221 2120 1320 2203 pieta-

164 2231 232 2290 tem
258 2229 349 2291 tanto
371 2247 468 2309 opere
491 2248 550 2309 pro
569 2247 603 2290 se
622 2225 869 2310 indignantium,
893 2230 1034 2291 ceterum
1053 2229 1085 2290 et
1104 2227 1321 2291 inlacrimauit

163 2337 200 2397 et
223 2333 326 2397 uicem
352 2355 441 2397 suam
467 2337 661 2415 conquestus
685 2337 742 2415 est,
766 2333 866 2415 quod
890 2331 965 2397 sibi
985 2333 1158 2397 soli'non
1181 2334 1321 2398 liceret

163 2440 315 2522 amicis,
330 2443 523 2522 quatenus
543 2438 676 2522 uallet,
691 2438 818 2503 irasci.
850 2440 966 2523 reliqui
982 2441 1127 2524 potentia
1141 2445 1237 2524 atque
1253 2443 1320 2524 opi·
1340 2453 1355 2500 3

115 2546 279 2610 rebusad
292 2546 387 2610 finem
404 2547 490 2610 uitae
505 2547 555 2610 sui
570 2546 706 2629 quisque
721 2546 842 2611 ordinis
856 2547 1017 2630 principes
1027 2548 1214 2631 floruerunt,
1222 2570 1320 2630 quan·
1354 2547 1359 2560 ’

163 2675 265 2736 quam
289 2657 321 2717 et
345 2653 475 2717 offensis
499 2653 796 2718 interuenientibus.
838 2654 1032 2718 desiderauit
1055 2655 1140 2718 eninr
1163 2676 1321 2721 nonnum-

163 2782 278 2842 quam,
299 2781 340 2823 ne
364 2760 403 2824 de
425 2760 572 2844 pluribus
595 2760 744 2843 referam,
772 2764 804 2825 et
827 2760 869 2823 M.
888 2759 1053 2846 Agrippae
1076 2762 1263 2845 patientiam
1288 2765 1320 2826 et

161 2866 360 2931 Maecenatis
384 2868 652 2949 taciturnitatem,
682 2889 756 2932 cum
779 2867 834 2930 ille
858 2889 896 2931 ex
923 2867 989 2930 leui
1010 2868 1187 2952 <f>rigoris
1216 2871 1319 2952 suspi-
1404 2864 1409 2875 ’

163 2973 259 3037 cione
283 2977 315 3037 et
334 2973 420 3056 quod
434 2973 605 3039 Marcellus
625 2972 687 3038 sibi
707 2975 931 3057 anteferretur,
949 2973 1121 3075 Mytilenas
1145 2995 1179 3038 se
1198 2975 1317 3039 relictis

239 3225 254 3272 6
274 3220 352 3288 Epa.
369 3225 445 3285 1,16
462 3221 493 3273 in
512 3220 617 3273 amicos
637 3220 709 3272 fidus
731 3219 826 3273 extitit
843 3239 977 3274 ...rarus
997 3221 1113 3288 quidem
1129 3219 1166 3272 ad
1181 3220 1318 3288 recipien-

162 3301 217 3354 das
244 3299 398 3367 amicitias,
430 3300 467 3353 ad
492 3300 655 3354 retinendas
682 3300 936 3354 constantissimus.
979 3303 1012 3367 ef.
1033 3303 1151 3368 Eutrop,
1173 3301 1235 3353 VH
1249 3305 1317 3362 034

161 3385 202 3450 (a.
219 3381 257 3434 ad
275 3381 349 3450 Δίῳ.
364 3385 406 3434 51.
423 3383 477 3448 56).
516 3381 702 3435 Einliord.19
727 3384 788 3434 erat
807 3381 836 3432 in
855 3379 990 3432 amicitiis
1009 3380 1114 3448 optime
1134 3382 1316 3448 temperatus,

160 3465 197 3514 ut
213 3477 261 3513 eas
276 3463 305 3514 et
318 3460 403 3514 facile
418 3462 583 3516 admitteret
597 3463 626 3514 et
640 3460 867 3515 constantissime
882 3461 1024 3514 retineret.
1099 3467 1130 3512 11
1147 3460 1181 3525 ef.
1197 3460 1315 3526 Eutrop.

170 3543 235 3596 VII
249 3545 266 3593 7
283 3541 518 3610 praepositusque
538 3541 564 3594 ei
583 3543 727 3612 (Aepppto)
749 3541 777 3594 C.
796 3540 940 3595 Cornelius
956 3540 1063 3596 Gallus.
1099 3541 1173 3594 hunc
1194 3541 1315 3610 primum

163 3624 313 3690 Aegyptus
329 3622 486 3675 Romanum
500 3621 623 3674 iudicem
638 3623 746 3676 habuit.
798 3628 832 3674 22
844 3623 921 3689 Epit.
932 3627 1001 3686 1,16
1015 3639 1133 3689 quorum
1144 3624 1315 3690 (amicorum)

161 3702 312 3771 praecipui
338 3705 418 3756 erant
449 3701 484 3754 ob
515 3702 741 3756 taciturnitatem
764 3702 927 3765 Maecenas,
953 3702 988 3754 ob
1012 3703 1182 3771 patientiam
1205 3701 1310 3756 laboris

162 3781 390 3848 modestiamque
409 3781 544 3850 Agrippa.

160 3916 379 3923 ——-..---

237 4003 253 4048 3
273 3996 361 4066 dignu
380 3995 566 4065 inconiugatu
585 4011 646 4049 esse
664 3995 694 4048 in
714 3999 821 4050 certain
840 3997 931 4065 perire
950 4015 984 4052 ss.
1004 3999 1035 4049 iu
1055 3998 1076 4050 S
1097 4045 1100 4050 .
1146 4004 1162 4050 4
1182 3983 1315 4049 αἰίἰηθοε

162 4089 215 4152 M,
234 4072 349 4140 alitreos
370 4085 396 4140 G
469 4090 483 4137 7
504 4085 704 4152 cuiuscumque
725 4086 764 4150 G,
786 4085 865 4138 cuius
887 4086 909 4155 Q
987 4092 1020 4139 10
1038 4086 1238 4154 repperiuntur
1257 4086 1282 4138 l'

161 4165 356 4220 saluidenium
370 4166 508 4234 (demum
522 4166 579 4234 LS)
590 4168 629 4229 a,
648 4181 715 4219 corr.
736 4167 775 4219 ed.
792 4168 880 4220 Buail.
896 4171 969 4220 1533
1043 4175 1074 4219 11
1095 4165 1208 4219 Gallum
1222 4184 1272 4221 om.
1290 4167 1315 4218 G

162 4252 197 4302 13
214 4246 335 4300 alterum
346 4246 400 4300 GT
458 4245 1010 4315 11lacrimauitLiceterumetss.m.2)
1072 4253 1104 4301 18
1117 4250 1219 4300 estona.
1232 4245 1315 4310 MX‘,

160 4328 266 4381 ideirco
285 4329 314 4380 et
332 4333 396 4381 oute
415 4326 506 4379 uicem
525 4343 633 4380 erasum
647 4328 678 4379 in
693 4328 728 4391 L,
746 4327 809 4391 sort.
825 4333 893 4381 recte
965 4334 999 4380 20
1019 4329 1116 4381 suied.
1133 4329 1315 4387 Basie1533,

161 4421 232 4458 suae
251 4408 277 4458 a
351 4405 487 4475 cuiusque
507 4405 576 4460 H²R
653 4413 687 4458 22
706 4407 915 4475 impatientiam
936 4408 1076 4477 Menoe
1149 4413 1182 4459 23
1202 4408 1314 4475 frigoris

161 4487 289 4553 mpsim,
308 4485 408 4554 rigoris
422 4487 458 4550 a,
477 4483 509 4538 at
528 4485 634 4554 uigoris
653 4505 686 4540 ss.
703 4487 745 4540 Π2
818 4493 852 4539 24
871 4487 991 4540 ferretur
1011 4487 1036 4541 G
