3142 5112
283 333 322 397 18
634 335 661 388 O.
682 334 838 389 SVETONI
856 335 1078 401 TRANQVILLI

280 497 353 561 dere
377 498 615 563 contionantem
640 521 736 582 quam
760 500 878 584 audire,
902 521 961 583 pro
984 500 1069 564 dicto
1090 502 1222 584 accepit,
1246 501 1332 584 quod
1356 502 1429 565 uisu

280 605 515 691 suspicabatur3
543 607 801 688 promissumque
828 607 877 670 ius
902 605 1070 670 anulorum
1101 629 1172 670 cum
1198 608 1329 671 milibus
1354 630 1429 691 qua-

280 711 442 796 dringenis
466 712 551 776 fama
575 712 708 776 distulit.

227 815 273 881 34
372 816 457 882 Ordo
482 822 514 883 et
538 841 663 884 summa
686 841 807 904 rerum,
835 842 914 902 quas
938 819 1086 903 deinceps
1111 820 1223 903 gessit,
1248 821 1429 883 61166116-

279 925 363 988 bent.
409 925 562 989 Picenum
593 926 762 990 Vmbriam
790 925 954 990 Etruriam
984 927 1154 1009 occupauit
1181 930 1214 989 et
1239 926 1340 990 Lucio
1365 926 1429 990 Do·
1456 955 1466 992 a

279 1031 385 1113 mitio,
414 1035 470 1116 qui
500 1055 557 1117 per
585 1033 760 1097 tumultum
792 1054 957 1096 successor
983 1033 1012 1095 61
1040 1034 1226 1096 nominatus
1250 1031 1429 1097 Corfinium

278 1139 438 1223 praesidio
467 1140 608 1222 tenebat,
637 1141 670 1204 in
699 1140 858 1203 dicionem
887 1139 1014 1202 redacto
1040 1144 1136 1222 atque
1161 1139 1293 1203 dimisso
1318 1161 1429 1203 secun-

279 1245 355 1309 dum
380 1245 539 1330 Superum
562 1269 649 1310 mare
673 1246 881 1310 Brrmdisium
904 1246 1051 1329 tetendit,
1076 1268 1139 1329 quo
1165 1245 1311 1310 consules
1334 1245 1430 1310 Pom-

244 1351 434 1436 apeiusque
459 1353 670 1438 confugerant
696 1375 792 1436 quam
819 1353 960 1436 primum
989 1353 1233 1416 transfretaturi.
1279 1352 1339 1416 hos
1364 1354 1430 1416 fru-

279 1463 344 1522 stra
371 1481 428 1542 per
458 1461 562 1524 omnis
590 1482 696 1524 moras
726 1461 814 1523 exitu
840 1459 1022 1543 prohibere
1040 1464 1172 1523 61116116
1201 1458 1336 1523 Romam
1368 1460 1431 1524 iter
1445 1489 1468 1526 ro

279 1567 439 1628 conuertit
471 1565 702 1649 appellatisque
735 1566 774 1629 de
805 1588 839 1629 re
873 1565 1003 1650 publica
1035 1565 1180 1649 patribus
1213 1565 1430 1630 ualidissimas

278 1670 412 1754 Pompei
443 1671 567 1756 copias,
606 1695 686 1756 quae
717 1673 776 1736 sub
814 1672 918 1736 tribus
950 1673 1065 1757 legatis
1097 1672 1139 1735 M.
1168 1671 1295 1736 Petreio
1329 1677 1362 1736 et
1395 1673 1429 1736 L.

280 1777 415 1842 Afranio
439 1783 471 1843 et
493 1777 535 1842 Μ.
556 1778 702 1842 Varrone
718 1779 763 1843 ¹in
787 1778 945 1863 Hispania
972 1781 1075 1860 erant,
1103 1779 1236 1861 inuasit,
1263 1779 1430 1862 professus

279 1889 352 1948 ante
376 1885 460 1950 inter
483 1908 572 1950 suos:
601 1886 657 1950 ire
686 1907 724 1948 66
753 1885 796 1948 ad
820 1885 1030 1949 exereitum
1055 1886 1136 1948 sine
1160 1885 1252 1949 duce
1280 1889 1316 1950 et
1340 1887 1430 1951 inde

277 2013 521 2056 reuersurum
545 1993 588 2056 ad
614 1993 742 2058 ducem
767 1993 849 2056 sine
872 1993 1052 2055 exercitu.
1090 1997 1122 2055 61
1141 2014 1323 2075 quanquam
1345 1994 1468 2060 obsi-1⁵

278 2098 373 2162 dione
400 2098 575 2183 Massiliae,
603 2121 684 2182 quae
713 2100 775 2164 sibi
803 2100 834 2161 in
865 2099 979 2162 itinere
1006 2102 1116 2181 portas
1144 2101 1315 2181 clauserat,
1344 2122 1431 2163 sum-

278 2228 394 2289 maque
420 2206 649 2270 frumentariae
676 2207 723 2270 rei
746 2206 880 2289 penuria
907 2205 1087 2268 retardante
1111 2205 1202 2269 breui
1229 2209 1337 2269 tamen
1362 2228 1431 2270 om-

225 2305 334 2375 35nia
357 2313 493 2395 subegit.
538 2311 614 2377 hinc
638 2312 716 2376 urbe
744 2310 880 2394 repetita
907 2311 941 2373 in
963 2310 1183 2374 Macedoniam
1208 2315 1430 2395 transgressus

276 2418 484 2502 Pompeium,
516 2441 574 2501 per
606 2422 758 2501 quattuor
791 2439 891 2500 paene
923 2439 1048 2481 menses
1081 2417 1230 2482 maximis
1261 2416 1431 2482 obsessum

279 2525 443 2608 operibus,
467 2525 504 2588 ad
529 2529 707 2589 extremum
731 2524 915 2588 Pharsalico
938 2524 1062 2607 proelio
1086 2523 1170 2588 fudit
1194 2528 1227 2588 et
1249 2523 1430 2609 fugientem
1446 2554 1470 2592 so

279 2629 507 2695 Alexandriam
530 2635 731 2715 persecutus,
754 2635 791 2694 ut
815 2630 954 2694 occisum
979 2629 1201 2714 deprehendit,
1225 2653 1298 2694 cum
1321 2630 1431 2696 Ptole-

277 2758 369 2801 maeo
393 2760 482 2824 rege,
506 2761 524 2801 6
548 2760 611 2821 quo
636 2737 698 2802 sibi
723 2759 850 2821 quoque
874 2736 1005 2800 insidias
1030 2737 1117 2800 tendi
1141 2736 1279 2820 uidebat,
1305 2737 1431 2802 bellum

277 2865 354 2908 sane
382 2843 609 2908 difficillimum
638 2842 751 2930 gessit,
781 2865 885 2925 neque
913 2845 984 2908 loco
1012 2865 1115 2927 neque
1143 2848 1288 2927 tempore
1315 2866 1432 2928 aequo,

277 2952 333 3014 sed
357 2951 463 3014 hieme
491 2952 566 3014 anni
595 2955 626 3014 et
649 2950 734 3014 intra
761 2950 888 3014 moenia
914 2950 1128 3033 copiosissimi
1152 2971 1188 3013 ac
1212 2951 1432 3016 sollertissimi

277 3058 395 3141 hostis,
422 3058 515 3141 inops
544 3059 612 3141 ipse
640 3056 784 3122 omnium
812 3079 917 3120 rerum
947 3061 1042 3139 atque
1071 3057 1243 3140 inparatus.
1290 3079 1431 3142 regnum
1446 3087 1471 3126 ss

277 3163 421 3250 Aegypti
440 3165 544 3228 uictor
564 3163 751 3248 Cleopatrae
774 3164 929 3246 fratrique
949 3165 1016 3227 eius
1036 3162 1154 3228 minori
1175 3164 1324 3247 permisit
1346 3166 1432 3228 ueri·
1543 3195 1544 3238 3

277 3275 330 3334 tus
354 3271 553 3355 prouinciam
577 3272 695 3353 facere,
722 3293 762 3334 ne
786 3270 976 3353 quandoque
1000 3271 1224 3333 uiolentiorem
1248 3271 1431 3354 praesidem

1543 3251 1544 3278 l

350 3479 382 3527 10
402 3475 521 3540 Eutrop.
538 3473 672 3539 V120,1
702 3472 800 3524 urbem
828 3471 969 3540 ingressus
999 3471 1167 3524 dictatorem
1196 3487 1225 3524 se
1250 3471 1326 3524 fecit.
1360 3473 1432 3526 inde

276 3553 430 3621 Hispanias
449 3553 540 3621 petiit.
575 3552 615 3605 ibi
629 3553 744 3622 Pompei
763 3552 901 3607 exercitus
921 3551 1110 3605 ualidissimos
1129 3554 1158 3605 61
1175 3550 1343 3605 fortissimos
1364 3569 1432 3605 cum

276 3631 368 3684 tribus
388 3632 519 3700 ducibus,
539 3633 568 3685 L.
584 3632 701 3686 Afranio
720 3632 757 3687 M.
773 3632 883 3686 Petreio
902 3631 938 3684 M.
950 3631 1088 3699 Varrone,
1107 3631 1260 3700 superauit.
1336 3637 1369 3685 18
1390 3633 1431 3687 id.

284 3713 327 3766 VI
337 3717 410 3778 2(),3
429 3713 495 3766 inde
513 3729 656 3781 regressus
675 3716 813 3782 (reuersus
827 3730 897 3781 para
911 3712 998 3780 codd.)
1017 3712 1047 3764 11
1066 3711 1213 3765 Graeciam
1231 3711 1357 3779 transiit,
1380 3715 1431 3766 ad·
1543 3757 1544 3770 ,

276 3809 389 3845 uersum
409 3792 572 3860 Pompeium
592 3793 746 3846 dimicauit.
820 3799 854 3846 20
878 3793 915 3846 td.
937 3793 978 3846 VI
994 3796 1073 3858 21‚2
1096 3793 1243 3861 uictusque
1263 3792 1300 3845 ad
1318 3796 1431 3860 postre-

277 3890 354 3925 mum
372 3872 522 3941 Pompeius
539 3915 543 3926 .
560 3915 566 3926 .
583 3914 588 3926 .
604 3873 720 3942 fugatus
740 3873 940 3926 Alexandriam
959 3872 1044 3942 petiit
1062 3890 1113 3941 eqe.
1187 3873 1431 3938 6611171261
1543 3895 1544 3922 1

277 3953 333 4022 ipsi
352 3968 463 4021 quoque
483 3952 660 4006 Ptolemaeus
679 3969 778 4021 parare
797 3953 889 4006 uoluit
907 3953 1025 4006 insidias
1044 3970 1094 4020 eqs.

350 4146 363 4191 1
384 4156 468 4206 quam
492 4157 541 4194 111.
564 4141 611 4193 M1
693 4146 708 4193 2
733 4138 915 4208 quadrigenis
936 4141 970 4192 M
976 4141 1016 4192 ¹V
1033 4144 1109 4206 (recte
1133 4140 1181 4206 L),
1210 4139 1431 4208 quadringentis

279 4221 341 4285 Gt,
369 4220 557 4289 quadragenis
579 4220 723 4275 M‘r‘Po
745 4222 785 4289 (16
807 4221 844 4271 Μ
860 4226 1002 4287 praeterea
1020 4237 1054 4274 ss.
1075 4237 1108 4272 61.
1123 4218 1176 4272 21
1199 4219 1430 4289 quadringentis)
1543 4285 1544 4288 Ἴ

279 4305 292 4352 7
319 4299 424 4352 ditione
453 4300 489 4369 Q,
520 4301 693 4354 deditionem
717 4301 809 4354 GHR
835 4301 931 4370 (6119.)
1016 4306 1046 4352 11
1067 4299 1195 4368 patribus
1218 4299 1284 4372 <6.>
1308 4301 1430 4371 Bentley

279 4387 311 4434 16
331 4381 483 4449 summat)
562 4387 593 4435 17
613 4381 774 4434 retardatus
794 4381 909 4450 Bentley
989 4386 1022 4432 20
1042 4382 1070 4433 61
1089 4379 1245 4449 lugientem
1264 4378 1337 4445 W,
1356 4380 1431 4433 effu-

275 4461 401 4530 gientem
417 4459 527 4514 1161
548 4459 607 4529 (611-
627 4459 830 4515 611161611-
850 4467 881 4513 11
900 4460 957 4512 aad.
974 4460 1008 4527 S)
1081 4465 1113 4512 27
1134 4460 1318 4514 ualentiorem
1338 4460 1431 4529 Potat·
