3166 5106
270 366 334 430 124
618 365 645 420 O.
667 367 824 441 SVETONI
842 366 1065 431 TRANQVILLI

266 529 356 594 nium
377 526 580 614 Caepionem,
600 531 655 613 qui
675 551 748 594 cum
766 528 913 595 Varrone
932 529 1067 594 Murena
1085 530 1119 594 in
1137 528 1324 614 Augustum
1345 550 1417 593 oon-

267 637 455 720 spirauerat,
478 658 567 700 reum
592 638 769 701 maiestatis
793 637 878 720 apud
897 635 1016 700 iudices
1035 636 1162 701 feritet
1181 636 1416 700 condemnauit.

266 744 414 826 interque
443 743 522 806 haec
552 742 713 827 duplicem
742 764 851 806 euram
881 744 1129 827 administrauit,
1159 765 1304 808 annonae
1335 765 1416 825 quae

266 850 366 914 artior
393 849 562 931 inciderat,
590 853 622 913 et
650 849 927 934 repurgandorum
954 853 1024 914 tota
1050 848 1146 915 Italia
1169 848 1416 936 ergastulorum,

266 977 404 1039 quorum
437 955 558 1020 domini
591 958 625 1019 in
657 956 812 1020 inuidiam
844 961 999 1020 uenerant
1034 957 1126 1040 quasi
1159 960 1310 1039 exceptos
1343 977 1416 1039 sup·
1447 983 1460 1022 a

260 1063 442 1147 primerent
465 1085 530 1127 non
559 1063 664 1126 solum
692 1063 832 1127 uiatores
857 1063 912 1128 sed
935 1067 967 1127 et
991 1084 1072 1146 quos
1096 1063 1287 1128 sacramenti
1309 1066 1416 1125 metus

267 1169 307 1233 ad
330 1170 399 1233 eius
423 1169 510 1233 modi
534 1169 673 1233 latebras
697 1169 914 1253 compulisset.

110 1321 112 1324 -
226 1274 249 1337 a
356 1275 524 1361 Stipendia
545 1277 650 1360 prima
673 1277 876 1360 expeditione
896 1276 1086 1341 Cantabrica
1105 1276 1254 1340 tribunus
1274 1275 1416 1339 militum

266 1383 352 1467 fecit,
376 1382 448 1446 dein
473 1383 568 1447 ducto
593 1383 633 1446 ad
657 1381 821 1447 Orientem
845 1384 987 1448 exercitu
1011 1405 1146 1470 regnum
1169 1381 1341 1446 Armeniae
1365 1381 1416 1444 Ti·

266 1489 358 1574 grani
383 1489 525 1554 restituit
549 1511 585 1554 ae
609 1512 667 1573 pro
691 1490 847 1554 tribunali
870 1491 1017 1556 diadema
1035 1490 1198 1574 imposuit.
1239 1489 1361 1572 recepit
1385 1492 1416 1551 et
1433 1515 1460 1556 ro

267 1597 369 1681 signa,
393 1617 474 1680 quae
497 1595 540 1660 M.
557 1595 670 1661 Crasso
694 1597 880 1662 ademerant
902 1597 1023 1662 Parthi.
1069 1602 1144 1681 post
1167 1599 1230 1661 hoc
1249 1595 1416 1660 Comatam

267 1702 403 1767 Galliam
428 1725 510 1767 anno
535 1703 601 1767 fere
625 1703 708 1768 rexit
731 1708 764 1767 et
786 1704 998 1768 barbarorum
1021 1704 1258 1768 incursionibus
1278 1708 1311 1767 et
1329 1703 1416 1786 prin-

267 1811 373 1893 cipum
408 1809 566 1874 discordia
601 1811 787 1893 inquietam.
838 1811 914 1875 exin
944 1811 1113 1875 Raeticum
1146 1808 1416 1892 Vindelicumque

230 1916 402 2000 abellum,
425 1917 498 1981 inde
522 1917 756 1999 Pannonicum,
780 1917 853 1980 inde
878 1915 1103 1982 Germanicum
1127 1917 1236 2002 gessit.
1282 1916 1416 1980 Raetico

266 2029 362 2107 atque
389 2022 558 2088 Vindelico
586 2025 691 2109 gentis
720 2022 869 2109 Alpinas,
898 2024 1083 2088 Pannonico
1111 2023 1252 2088 Breucos
1281 2028 1325 2116 et¹
1341 2023 1416 2086 Dal·
1432 2051 1459 2092 u

266 2135 368 2196 matas
393 2130 536 2216 subegit,
561 2128 750 2194 Germanico
770 2131 983 2215 quadraginta
1001 2131 1090 2194 milia
1108 2130 1334 2194 dediticiorum
1352 2134 1416 2193 tra·

265 2237 342 2301 iecit
374 2237 407 2300 in
441 2237 578 2302 Galliam
611 2238 765 2320 iuxtaque
797 2237 901 2320 ripam
934 2237 1040 2302 Rheni
1073 2237 1203 2302 sedibus
1237 2237 1416 2322 adsignatis

267 2343 457 2408 conlocauit.
504 2367 583 2427 quas
612 2344 653 2408 ob
682 2366 732 2408 res
757 2348 788 2407 et
812 2365 912 2408 ouans
937 2349 968 2407 et
996 2366 1092 2408 curru
1115 2343 1227 2408 urbem
1251 2345 1416 2430 ingressus

266 2454 323 2532 est,
346 2451 446 2534 priua,
469 2456 506 2514 ut
530 2450 658 2534 quidam
682 2455 812 2535 putant,
831 2450 1081 2534 triumphalibus
1101 2450 1297 2515 ornamentis
1315 2451 1415 2514 hono-

266 2560 365 2640 ratur,
389 2577 474 2620 nouo
499 2579 558 2623 nec
581 2561 674 2622 antea
698 2557 847 2642 cuiquam
871 2558 993 2621 tributo
1018 2579 1132 2644 genere
1155 2557 1296 2622 honoris.
1431 2587 1459 2626 so

231 2676 247 2723 3
355 2661 565 2748 Magistratus
589 2669 622 2727 et
645 2665 801 2728 maturius
825 2664 990 2729 incohauit
1013 2670 1045 2728 et
1067 2685 1168 2749 paene
1192 2664 1326 2730 iunctim
1346 2687 1416 2749 per-

266 2770 421 2852 cucurrit,
454 2775 659 2853 quaesturam
692 2775 877 2854 praeturam
910 2771 1126 2855 consulatum
1158 2771 1416 2854 interpositoque

266 2880 410 2959 tempore
435 2879 547 2942 consul
570 2879 687 2941 iterum
711 2879 809 2942 etiam
832 2879 1039 2942 tribuniciam
1058 2881 1251 2962 potestatem
1270 2878 1305 2941 in
1324 2879 1415 2961 quin-

213 2977 444 3066 lllquennium
467 2985 598 3067 accepit.
641 2988 690 3049 tot
713 2986 874 3068 prosperis
905 2985 1140 3049 confluentibus
1165 2986 1289 3070 integra
1312 2989 1415 3050 aetate

267 3111 303 3153 ac
331 3090 510 3155 ualitudine
540 3092 656 3154 statuit
685 3095 817 3175 repente
846 3092 989 3156 secedere
1019 3113 1155 3174 seques
1183 3091 1289 3156 medio
1318 3115 1413 3175 quam
1429 3119 1457 3160 aa

265 3197 454 3281 longissime
485 3219 646 3262 amouere:
677 3198 809 3261 dubium
842 3198 992 3262 uxorisne
1027 3199 1147 3281 taedio,
1182 3221 1277 3282 quam
1310 3221 1414 3282 neque

267 3304 429 3368 criminari
458 3309 513 3367 aut
544 3304 704 3368 dimittere
733 3304 863 3368 auderet
885 3326 988 3387 neque
1017 3307 1102 3369 ultra
1130 3306 1271 3388 perferre
1295 3312 1413 3389 posset,

339 3556 439 3618 13sqq.
473 3552 591 3620 Eutrop.
618 3552 711 3605 VII9
738 3551 845 3604 bellum
873 3551 1090 3621 (Germanicum)
1118 3568 1168 3619 per
1195 3551 1329 3618 Drusum,
1358 3554 1414 3623 pri-

265 3630 383 3699 uignum
406 3648 499 3695 suum,
526 3630 748 3697 administrauit,
769 3630 842 3684 sicut
860 3647 910 3700 per
928 3631 1085 3699 Tiberium,
1104 3631 1267 3701 priuignum
1286 3633 1413 3700 alterum,

265 3709 456 3763 Pannonicum
477 3710 553 3783 <quo
573 3711 695 3764 Breucos
719 3714 748 3764 et
771 3709 916 3764 Dalmatas
941 3711 1067 3780 subegit,
1087 3711 1189 3765 deinde
1208 3711 1328 3766 alterum
1348 3712 1414 3767 Ger-

265 3791 407 3843 manicum
430 3792 515 3844 terreri
538 3791 600 3844 uult
620 3792 647 3845 0.
659 3790 823 3861 Schrader),
848 3808 902 3859 quo
926 3791 1000 3844 bello
1019 3791 1066 3844 XL
1086 3790 1264 3860 captiuorum
1282 3793 1362 3847 milia
1381 3811 1413 3847 ex

266 3869 416 3924 Germania
435 3870 581 3924 transtulit
600 3874 628 3924 et
648 3888 732 3940 supra
751 3871 843 3939 ripam
862 3871 953 3924 Rheni
972 3871 1002 3924 in
1022 3870 1115 3924 Gallia
1134 3872 1302 3926 conlocauit.
1339 3873 1411 3927 Oros.

272 3953 315 4006 VI
329 3955 420 4015 21,24
440 3951 591 4005 Germanos
610 3951 685 4005 bello
705 3951 838 4019 arripuit,
862 3967 876 4004 e
896 3951 998 4019 quibus
1018 3952 1207 4020 quadraginta
1225 3952 1306 4007 milia
1325 3954 1413 4022 capti-

264 4049 362 4084 uorum
383 4033 471 4084 uictor
491 4031 616 4084 abduxit.

337 4268 353 4314 4
372 4263 619 4330 repugnandorum
635 4263 693 4315 GV
708 4265 749 4330 (in
772 4264 820 4315 hoc
844 4281 862 4314 n
881 4264 962 4329 prior
981 4265 1127 4330 repuncta)
1202 4263 1366 4318 'Ilatrieras
1388 4266 1413 4318 G

266 4347 280 4394 9
301 4341 403 4395 deinde
421 4344 459 4401 Τς
479 4343 574 4412 (rrulp.)
658 4348 760 4411 repro
781 4341 873 4395 ouuG
956 4349 987 4394 15
1008 4341 1124 4394 brencos
1141 4343 1179 4406 L,
1202 4343 1340 4397 breuncos
1360 4346 1413 4409 ST,

264 4421 384 4475 breunos
405 4423 440 4488 R,
458 4423 578 4476 brennos
589 4425 619 4474 Π
630 4429 655 4476 ct
668 4424 708 4476 sic
722 4439 775 4490 pro
789 4441 816 4476 a.
833 4423 849 4474 l.
860 4439 893 4476 ss.
906 4424 936 4474 iu
947 4424 974 4477 R
1048 4428 1080 4474 19
1099 4423 1207 4490 primus
1226 4421 1302 4476 r'P2
1316 4426 1413 4494 (culp)

265 4509 296 4554 21
316 4503 442 4556 iunctum
462 4502 554 4571 VL¹Q
572 4509 597 4555 et
616 4504 646 4554 Π
649 4503 656 4533 ¹
675 4510 705 4556 at
724 4504 835 4557 uidetur
907 4508 941 4554 26
961 4516 1051 4569 neque
1070 4503 1163 4556 onaG

1556 524 1569 1080 τ

1563 2539 1571 2830 „
