3098 5110
548 344 639 399 Drvv
640 345 658 398 S
676 343 795 398 IVLIVS
816 355 881 405 [cnr.
897 355 984 406 rs-aa]
1301 345 1341 408 15

182 513 350 592 acturum,
372 507 498 572 rettulit
521 507 562 572 ad
585 513 742 592 senatum,
764 513 801 573 ut
823 509 853 572 ei
873 507 1094 573 succederetur
1113 511 1186 571 ante
1205 509 1341 591 tempus,

184 615 345 697 quoniam
371 613 458 678 bello
487 615 633 679 confecto
663 637 725 697 pax
755 619 838 680 esset
865 637 902 680 ac
930 614 1050 678 dimitti
1078 613 1207 678 deberet
1236 614 1342 679 uictor

184 723 364 806 exercitus3
388 724 419 784 et
442 742 482 784 ne
506 721 648 786 absentis
671 722 753 786 ratio
773 721 912 786 comitiis
930 720 1111 803 haberetur,
1135 720 1263 804 quando
1282 742 1341 786 nec

184 828 281 912 plebi
304 828 384 892 scito
407 826 580 911 Pompeius
603 831 715 912 postea
738 829 932 912 abrogasset.
979 827 1137 892 acciderat
1160 830 1281 908 autem,
1305 831 1341 891 ut
1361 845 1376 891 3

149 958 165 998 s
185 935 221 997 is
244 934 348 1018 legem
372 933 410 996 de
430 934 497 997 iure
516 935 764 1019 magistratuum
783 935 889 998 ferens
908 955 946 998 eo
965 935 1079 1016 capite,
1103 955 1166 1016 quo
1185 933 1341 1016 petitione

184 1043 352 1104 honorum
376 1040 516 1105 absentis
540 1039 762 1124 submonebat,
784 1063 824 1104 ne
844 1039 1010 1104 Caesarem
1031 1039 1160 1125 quidem
1180 1040 1342 1123 exciperet

184 1170 250 1231 per
280 1146 488 1231 obliuionem,
518 1170 555 1214 ac
583 1169 659 1212 mox
686 1147 758 1231 lege
785 1147 849 1211 iam
877 1147 911 1210 in
935 1169 988 1210 aes
1015 1146 1117 1210 incisa
1144 1146 1233 1211 etin
1256 1169 1341 1210 aera·

183 1255 276 1318 rium
307 1253 436 1318 condita
468 1253 644 1340 corrigeret
679 1275 828 1318 errorem.
881 1275 941 1317 nec
971 1257 1138 1318 contentus
1169 1251 1341 1316 Marcellus

183 1361 376 1445 prouincias
399 1357 526 1424 Caesari
550 1365 583 1424 et
604 1361 811 1446 priuilegium
831 1361 962 1444 eripere,
985 1359 1153 1442 re<t>tulit
1176 1359 1282 1440 etiam,
1305 1363 1341 1422 ut

126 1492 165 1533 ιο
183 1467 328 1551 colonis,
362 1488 442 1551 quos
475 1468 642 1551 rogatione
666 1466 798 1530 Vatinia
824 1465 956 1530 Nouum
984 1464 1124 1553 Comum¹
1149 1465 1341 1546 deduxisset,

183 1574 306 1638 ciuitas
337 1572 542 1656 adimeretur,
575 1574 662 1658 quod
685 1595 742 1656 per
765 1571 973 1637 ambitionem
999 1577 1030 1636 et
1053 1573 1138 1638 ultra
1165 1572 1341 1655 praescrip-

183 1689 262 1744 tum
286 1681 359 1744 deta
382 1683 473 1744 esset.

282 1784 469 1850 Commotus
501 1785 552 1850 his
586 1784 700 1850 Caesar
733 1808 769 1850 ao
801 1785 958 1868 iudicans,
991 1785 1076 1868 quod
1108 1807 1202 1869 saepe
1232 1807 1271 1850 ex
1301 1784 1393 1852 0029

182 1893 337 1958 auditum
373 1893 495 1975 ferunt,
533 1891 698 1956 difficilius
732 1914 764 1970 se
796 1891 975 1976 principem
1012 1892 1153 1956 ciuitatis
1185 1915 1204 1956 a
1234 1891 1339 1976 primo

130 2023 164 2065 na
184 1999 303 2063 ordine
333 1999 367 2062 iu
403 1999 577 2062 secundum
609 2021 704 2082 quam
741 2021 780 2062 ex
811 1998 949 2063 secundo
980 1997 1014 2062 in
1046 1998 1258 2062 nouissimum
1289 1999 1340 2062 de-

183 2105 292 2189 trudi,
317 2127 441 2168 summa
465 2126 526 2189 ope
549 2106 682 2188 restit't,
712 2105 913 2188 partimper
936 2105 1159 2170 intercessores
1183 2104 1340 2185 tribunos,

182 2214 309 2298 partim
332 2235 390 2296 per
414 2211 562 2276 Seruium
585 2211 765 2295 Sulpicium
789 2210 925 2276 alterum
950 2212 1121 2275 consulem.
1159 2210 1340 2293 insequenti

183 2340 319 2404 quoque
344 2339 427 2382 anno
452 2317 532 2384 Gaio
551 2317 713 2402 Marcello,
737 2317 792 2401 qui
815 2318 907 2382 fratri
930 2317 1069 2401 patrueli
1093 2339 1150 2382 suo
1174 2315 1283 2381 Meroe
1307 2317 1340 2380 in

185 2426 361 2492 consulatu
394 2430 603 2508 successerat,
636 2425 746 2488 eadem
777 2427 954 2507 temptante
991 2423 1146 2508 collegam
1182 2424 1249 2488 eius
1279 2421 1340 2486 Ae-

130 2555 165 2596 aa
182 2533 317 2597 milium
340 2530 477 2596 Paulum
503 2530 679 2614 Gaiumque
704 2529 875 2595 Curionem
903 2531 1173 2595 uiolentissimum
1196 2531 1340 2595 tribuno-

181 2661 263 2704 rum
292 2638 416 2723 ingenti
444 2637 588 2702 mercede
622 2637 804 2702 defensores
832 2637 967 2720 parauit.
1015 2638 1070 2702 sed
1098 2660 1170 2702 cum
1200 2639 1340 2702 obstina-
1368 2659 1373 2698 t

181 2749 255 2811 tius
280 2746 388 2809 omnia
416 2744 467 2831 agi
496 2745 621 2809 uideret
649 2749 681 2808 et
709 2744 891 2827 designatos
918 2744 1013 2808 etiam
1039 2744 1185 2810 consules
1210 2767 1226 2809 e
1249 2749 1340 2829 parte

181 2855 331 2936 diuersa,
361 2854 507 2916 senatum
537 2853 654 2916 litteris
685 2851 871 2935 deprecatus
900 2855 961 2933 ert,
990 2873 1031 2916 ne
1059 2851 1122 2916 sibi
1149 2851 1338 2916 beneficium

181 2959 304 3046 populi
327 2958 529 3042 adimeretur,
552 2962 607 3022 aut
630 2961 667 3022 ut
691 2957 788 3023 ceteri
812 2979 939 3041 quoque
963 2959 1171 3042 imperatores
1195 2957 1234 3021 ab
1253 2980 1339 3022 exer-

132 3087 164 3128 as
182 3065 308 3132 citibu's
333 3065 720 3149 discederent;.confirus,
744 3068 780 3128 ut
802 3068 931 3147 putent,
957 3064 1084 3129 facilius
1108 3087 1150 3150 se,
1175 3065 1269 3129 simul
1294 3069 1337 3128 at·

180 3195 252 3257 que
280 3172 440 3250 libuisset,
469 3175 638 3236 ueteranos
667 3175 918 3235 conuocaturum
947 3193 1041 3254 quam
1072 3171 1259 3255 Pompeium
1283 3194 1339 3235 no·

181 3301 247 3344 uos
272 3279 400 3342 milites.
446 3299 517 3340 cum
542 3277 731 3348 aduersariis
755 3281 861 3340 autem
884 3279 1019 3362 pepigit,
1041 3282 1077 3342 ut
1101 3278 1241 3342 dimissis
1265 3283 1338 3342 octo
1417 3347 1419 3352 ,

181 3384 372 3470 legionibus
401 3383 674 3466 Transalpinaque
704 3382 808 3448 Gallia
839 3384 918 3448 duee
946 3383 1008 3448 sibi
1040 3383 1183 3470 legiones
1211 3388 1243 3447 et
1272 3383 1338 3450 Cis-

181 3493 299 3576 alpina
330 3491 499 3574 prouincia
530 3491 584 3553 uel
616 3489 713 3553 etiam
746 3513 808 3554 una
840 3491 925 3574 legio
960 3512 1031 3555 cum
1064 3490 1195 3574 Illyrico
1228 3512 1338 3556 conoe·

263 3671 296 3718 20
315 3665 401 3720 Sobel.
417 3666 524 3719 Lucan.
540 3666 561 3717 I
570 3669 626 3718 269
642 3667 683 3719 W.
700 3664 802 3718 Caesar
817 3665 941 3733 corrupit
956 3663 1102 3718 Curionem
1117 3665 1237 3746 pecunia
1256 3683 1337 3732 anno,

182 3762 244 3814 quo
265 3745 320 3798 fuit
338 3745 477 3813 tribunus,
495 3747 528 3797 ut
547 3744 656 3798 faueret
675 3743 738 3812 sibi,
757 3747 789 3797 nt
808 3743 957 3798 Suetonius
971 3745 1050 3811 dicit,
1069 3748 1098 3798 et
1112 3745 1260 3823 Curionem
1278 3747 1337 3800 uio-

112 3847 115 3850 *
182 3824 377 3880 lentissimum
387 3825 563 3878 tribunorum
574 3823 629 3877 sibi
639 3824 748 3893 ingenti
758 3825 887 3878 mercede
896 3825 1017 3892 parauit.
1075 3831 1115 3877 27
1136 3843 1163 3879 u.
1179 3825 1255 3893 adp.
1268 3831 1347 3902 11,4⁸

262 3981 364 4056 3nec]
378 3986 430 4040 del.
449 3985 578 4054 Lipsius,
602 3983 633 4038 ei
658 3986 734 4038 Torr.
754 3987 945 4053 (Mommsen),
971 3987 999 4038 et
1022 3985 1097 4040 LF.
1115 3986 1247 4050 Gronov„
1275 3985 1337 4055 lege

182 4067 219 4121 0.
232 4066 393 4132 Hirschfeld
456 4071 473 4116 4
491 4064 644 4134 plebi.cito
659 4065 718 4130 Vc,
737 4063 828 4133 plebis
843 4065 913 4118 scito
927 4065 1038 4118 GnPO
1101 4065 1264 4134 obrogasset
1277 4067 1336 4121 edd.

182 4164 249 4201 eum
270 4144 405 4212 Stephano
479 4145 687 4213 bepetitione
706 4146 853 4214 (app-11¹)
870 4144 1077 4199 HRP³0²ST
1149 4151 1181 4198 10
1200 4147 1338 4200 uaticinia

182 4224 356 4291 LPosrn,
375 4224 502 4278 uaticina
516 4227 542 4290 d,
561 4225 595 4290 cf.
608 4229 718 4292 p,11‚4
791 4230 825 4277 14
843 4223 937 4278 ferunt
952 4242 1019 4278 corr.
1039 4243 1073 4280 eu
1086 4225 1191 4279 tuerint
1207 4226 1250 4291 M,
1268 4244 1336 4282 corr.

182 4305 334 4360 ecfertur
353 4307 387 4371 P,
409 4305 566 4370 fertuer
642 4311 674 4357 16
698 4320 749 4372 per
767 4305 864 4360 om.G
938 4311 970 4356 19
996 4305 1171 4358 consulatum
1193 4306 1238 4366 Τς
1257 4308 1339 4360 etsie

179 4383 467 4456 prou.l.ss.11²(cf.
478 4387 621 4454 p.10,24)
693 4387 862 4452 tempestate
879 4385 905 4438 V
974 4390 1006 4436 ‘22
1023 4387 1051 4437 et
1064 4403 1114 4438 om.
1132 4387 1169 4438 M
1239 4385 1337 4456 etiam]

183 4466 245 4519 iam
267 4463 294 4519 G
