<?xml version="1.0" encoding="UTF-8"?>
<!DOCTYPE html PUBLIC "-//W3C//DTD XHTML 1.0 Transitional//EN"
    "http://www.w3.org/TR/xhtml1/DTD/xhtml1-transitional.dtd">
<html xmlns="http://www.w3.org/1999/xhtml" xml:lang="en" lang="en">
 <head>
  <title>
</title>
<meta http-equiv="Content-Type" content="text/html;charset=utf-8" />
  <meta name='ocr-system' content='tesseract 3.04.00' />
  <meta name='ocr-capabilities' content='ocr_page ocr_carea ocr_par ocr_line ocrx_word'/>
</head>
<body>
  <div class='ocr_page' id='page_1' title='image "./csuetoniitranqu01suetgoog_0224.png"; bbox 0 0 3166 5106; ppageno 0'>
   <div class='ocr_carea' id='block_1_1' title="bbox 255 338 1048 411">
    <p class='ocr_par' dir='ltr' id='par_1_1' title="bbox 255 338 1048 411">
     <span class='ocr_line' id='line_1_1' title="bbox 255 338 1048 411; baseline -0.011 -3"><span class='ocrx_word' id='word_1_1' title='bbox 255 345 318 408; x_wconf 81' lang='lat'>1&#39;54</span> <span class='ocrx_word' id='word_1_2' title='bbox 506 338 511 348; x_wconf 61' lang='lat'><strong><em>⁴</em></strong></span> <span class='ocrx_word' id='word_1_3' title='bbox 599 345 628 400; x_wconf 81' lang='lat' dir='ltr'>C.</span> <span class='ocrx_word' id='word_1_4' title='bbox 648 344 806 400; x_wconf 80' lang='lat' dir='ltr'>SVETONI</span> <span class='ocrx_word' id='word_1_5' title='bbox 825 345 1048 411; x_wconf 80' lang='lat' dir='ltr'><strong>TRANQVILLI</strong></span> 
     </span>
    </p>
   </div>
   <div class='ocr_carea' id='block_1_2' title="bbox 160 505 1405 593">
    <p class='ocr_par' dir='ltr' id='par_1_2' title="bbox 160 505 1405 593">
     <span class='ocr_line' id='line_1_2' title="bbox 160 505 1405 593; baseline 0.002 -22"><span class='ocrx_word' id='word_1_6' title='bbox 160 506 185 536; x_wconf 67' lang='lat' dir='ltr'>c</span> <span class='ocrx_word' id='word_1_7' title='bbox 253 513 402 593; x_wconf 83' lang='lat' dir='ltr'>rogatum</span> <span class='ocrx_word' id='word_1_8' title='bbox 426 531 499 573; x_wconf 88' lang='lat' dir='ltr'>eum</span> <span class='ocrx_word' id='word_1_9' title='bbox 523 508 631 573; x_wconf 88' lang='lat' dir='ltr'>subito</span> <span class='ocrx_word' id='word_1_10' title='bbox 656 511 688 572; x_wconf 91' lang='lat' dir='ltr'>et</span> <span class='ocrx_word' id='word_1_11' title='bbox 712 505 796 572; x_wconf 84' lang='lat' dir='ltr'>clare</span> <span class='ocrx_word' id='word_1_12' title='bbox 820 531 839 572; x_wconf 90' lang='lat' dir='ltr'>a</span> <span class='ocrx_word' id='word_1_13' title='bbox 862 511 1001 593; x_wconf 89' lang='lat' dir='ltr'>quodam</span> <span class='ocrx_word' id='word_1_14' title='bbox 1024 532 1109 574; x_wconf 87' lang='lat' dir='ltr'>nano</span> <span class='ocrx_word' id='word_1_15' title='bbox 1129 513 1254 574; x_wconf 86' lang='lat' dir='ltr'>astante</span> <span class='ocrx_word' id='word_1_16' title='bbox 1272 529 1405 574; x_wconf 77' lang='lat' dir='ltr'>mensae</span> 
     </span>
    </p>
   </div>
   <div class='ocr_carea' id='block_1_3' title="bbox 104 613 1576 3800">
    <p class='ocr_par' dir='ltr' id='par_1_3' title="bbox 167 613 1446 1014">
     <span class='ocr_line' id='line_1_3' title="bbox 167 613 1405 700; baseline 0.002 -23"><span class='ocrx_word' id='word_1_17' title='bbox 167 620 192 671; x_wconf 57' lang='lat' dir='ltr'>r</span> <span class='ocrx_word' id='word_1_18' title='bbox 253 614 337 679; x_wconf 89' lang='lat' dir='ltr'>inter</span> <span class='ocrx_word' id='word_1_19' title='bbox 365 636 509 700; x_wconf 84' lang='lat' dir='ltr'>copreae,</span> <span class='ocrx_word' id='word_1_20' title='bbox 536 636 593 679; x_wconf 92' lang='lat' dir='ltr'>cur</span> <span class='ocrx_word' id='word_1_21' title='bbox 613 613 774 680; x_wconf 89' lang='lat' dir='ltr'>Paconius</span> <span class='ocrx_word' id='word_1_22' title='bbox 799 615 976 682; x_wconf 87' lang='lat' dir='ltr'>maiestatis</span> <span class='ocrx_word' id='word_1_23' title='bbox 1000 613 1079 681; x_wconf 87' lang='lat' dir='ltr'>reus</span> <span class='ocrx_word' id='word_1_24' title='bbox 1097 620 1164 680; x_wconf 89' lang='lat' dir='ltr'>tam</span> <span class='ocrx_word' id='word_1_25' title='bbox 1188 617 1244 681; x_wconf 91' lang='lat' dir='ltr'>diu</span> <span class='ocrx_word' id='word_1_26' title='bbox 1267 618 1405 699; x_wconf 91' lang='lat' dir='ltr'>uiueret,</span> 
     </span>
     <span class='ocr_line' id='line_1_4' title="bbox 253 717 1404 810; baseline 0.002 -26"><span class='ocrx_word' id='word_1_27' title='bbox 253 722 362 786; x_wconf 85' lang='lat' dir='ltr'>statim</span> <span class='ocrx_word' id='word_1_28' title='bbox 387 722 515 806; x_wconf 88' lang='lat' dir='ltr'>quidem</span> <span class='ocrx_word' id='word_1_29' title='bbox 542 720 755 807; x_wconf 74' lang='lat' dir='ltr'>petulantiam</span> <span class='ocrx_word' id='word_1_30' title='bbox 782 723 912 808; x_wconf 77' lang='lat' dir='ltr'>linguae</span> <span class='ocrx_word' id='word_1_31' title='bbox 937 724 1139 810; x_wconf 82' lang='lat' dir='ltr'>obiurgasse,</span> <span class='ocrx_word' id='word_1_32' title='bbox 1162 717 1303 788; x_wconf 88' lang='lat' dir='ltr'>ceterum</span> <span class='ocrx_word' id='word_1_33' title='bbox 1327 728 1404 806; x_wconf 91' lang='lat' dir='ltr'>post</span> 
     </span>
     <span class='ocr_line' id='line_1_5' title="bbox 251 829 1404 915; baseline 0.001 -24"><span class='ocrx_word' id='word_1_34' title='bbox 251 849 372 912; x_wconf 89' lang='lat' dir='ltr'>paucos</span> <span class='ocrx_word' id='word_1_35' title='bbox 395 829 462 892; x_wconf 91' lang='lat' dir='ltr'>dies</span> <span class='ocrx_word' id='word_1_36' title='bbox 486 829 653 914; x_wconf 81' lang='lat' dir='ltr'>scripsisse</span> <span class='ocrx_word' id='word_1_37' title='bbox 672 830 808 915; x_wconf 81' lang='lat' dir='ltr'>senatui,</span> <span class='ocrx_word' id='word_1_38' title='bbox 830 834 867 895; x_wconf 92' lang='lat' dir='ltr'>ut</span> <span class='ocrx_word' id='word_1_39' title='bbox 891 831 930 895; x_wconf 90' lang='lat' dir='ltr'>de</span> <span class='ocrx_word' id='word_1_40' title='bbox 948 852 1053 914; x_wconf 88' lang='lat' dir='ltr'>poena</span> <span class='ocrx_word' id='word_1_41' title='bbox 1074 830 1197 896; x_wconf 90' lang='lat' dir='ltr'>Paconi</span> <span class='ocrx_word' id='word_1_42' title='bbox 1217 853 1314 915; x_wconf 89' lang='lat' dir='ltr'>quam</span> <span class='ocrx_word' id='word_1_43' title='bbox 1337 831 1404 914; x_wconf 91' lang='lat' dir='ltr'>pri-</span> 
     </span>
     <span class='ocr_line' id='line_1_6' title="bbox 251 931 1446 1014; baseline 0.002 -17"><span class='ocrx_word' id='word_1_44' title='bbox 251 957 341 998; x_wconf 91' lang='lat' dir='ltr'>mum</span> <span class='ocrx_word' id='word_1_45' title='bbox 364 939 526 1014; x_wconf 90' lang='lat' dir='ltr'>statueret.</span> <span class='ocrx_word' id='word_1_46' title='bbox 1289 931 1292 937; x_wconf 44' lang='lat'>¹</span> <span class='ocrx_word' id='word_1_47' title='bbox 1433 959 1446 999; x_wconf 81' lang='lat' dir='ltr'>s</span> 
     </span>
    </p>

    <p class='ocr_par' dir='ltr' id='par_1_4' title="bbox 198 1039 1447 1982">
     <span class='ocr_line' id='line_1_7' title="bbox 198 1039 1408 1126; baseline 0 -20"><span class='ocrx_word' id='word_1_48' title='bbox 198 1039 264 1106; x_wconf 76' lang='lat'>62-</span> <span class='ocrx_word' id='word_1_49' title='bbox 340 1041 442 1106; x_wconf 81' lang='lat' dir='ltr'>Auxit</span> <span class='ocrx_word' id='word_1_50' title='bbox 464 1043 665 1126; x_wconf 70' lang='lat' dir='ltr'>intenditque</span> <span class='ocrx_word' id='word_1_51' title='bbox 684 1043 853 1108; x_wconf 86' lang='lat' dir='ltr'>saeuitiam</span> <span class='ocrx_word' id='word_1_52' title='bbox 872 1045 1080 1109; x_wconf 80' lang='lat' dir='ltr'>exacerbatus</span> <span class='ocrx_word' id='word_1_53' title='bbox 1099 1043 1219 1109; x_wconf 91' lang='lat' dir='ltr'>indicio</span> <span class='ocrx_word' id='word_1_54' title='bbox 1239 1043 1278 1107; x_wconf 89' lang='lat' dir='ltr'>de</span> <span class='ocrx_word' id='word_1_55' title='bbox 1297 1050 1408 1107; x_wconf 88' lang='lat' dir='ltr'>morte</span> 
     </span>
     <span class='ocr_line' id='line_1_8' title="bbox 252 1146 1403 1235; baseline 0.003 -25"><span class='ocrx_word' id='word_1_56' title='bbox 252 1146 313 1211; x_wconf 89' lang='lat' dir='ltr'>filii</span> <span class='ocrx_word' id='word_1_57' title='bbox 342 1150 392 1214; x_wconf 93' lang='lat' dir='ltr'>sui</span> <span class='ocrx_word' id='word_1_58' title='bbox 419 1149 525 1214; x_wconf 87' lang='lat' dir='ltr'>Drusi.</span> <span class='ocrx_word' id='word_1_59' title='bbox 570 1173 670 1234; x_wconf 90' lang='lat' dir='ltr'>quem</span> <span class='ocrx_word' id='word_1_60' title='bbox 698 1172 772 1215; x_wconf 90' lang='lat' dir='ltr'>cum</span> <span class='ocrx_word' id='word_1_61' title='bbox 799 1152 913 1215; x_wconf 90' lang='lat' dir='ltr'>morbo</span> <span class='ocrx_word' id='word_1_62' title='bbox 942 1153 974 1214; x_wconf 91' lang='lat' dir='ltr'>et</span> <span class='ocrx_word' id='word_1_63' title='bbox 1005 1150 1254 1235; x_wconf 84' lang='lat' dir='ltr'>intemperantia</span> <span class='ocrx_word' id='word_1_64' title='bbox 1281 1150 1403 1234; x_wconf 89' lang='lat' dir='ltr'>perisse</span> 
     </span>
     <span class='ocr_line' id='line_1_9' title="bbox 252 1254 1403 1340; baseline 0.002 -23"><span class='ocrx_word' id='word_1_65' title='bbox 252 1254 462 1340; x_wconf 86' lang='lat' dir='ltr'>existimaret,</span> <span class='ocrx_word' id='word_1_66' title='bbox 491 1260 528 1322; x_wconf 90' lang='lat' dir='ltr'>ut</span> <span class='ocrx_word' id='word_1_67' title='bbox 556 1257 685 1322; x_wconf 88' lang='lat' dir='ltr'>tandem</span> <span class='ocrx_word' id='word_1_68' title='bbox 713 1278 838 1321; x_wconf 89' lang='lat' dir='ltr'>ueneno</span> <span class='ocrx_word' id='word_1_69' title='bbox 867 1257 1096 1340; x_wconf 87' lang='lat' dir='ltr'>interemptum</span> <span class='ocrx_word' id='word_1_70' title='bbox 1124 1258 1236 1322; x_wconf 89' lang='lat' dir='ltr'>fraude</span> <span class='ocrx_word' id='word_1_71' title='bbox 1263 1257 1403 1320; x_wconf 88' lang='lat' dir='ltr'>Liuillae</span> 
     </span>
     <span class='ocr_line' id='line_1_10' title="bbox 251 1358 1402 1450; baseline 0.001 -25"><span class='ocrx_word' id='word_1_72' title='bbox 251 1363 362 1426; x_wconf 82' lang='lat' dir='ltr'>uxoris</span> <span class='ocrx_word' id='word_1_73' title='bbox 385 1368 482 1447; x_wconf 90' lang='lat' dir='ltr'>atque</span> <span class='ocrx_word' id='word_1_74' title='bbox 506 1363 615 1428; x_wconf 84' lang='lat' dir='ltr'>Seiani</span> <span class='ocrx_word' id='word_1_75' title='bbox 640 1365 808 1450; x_wconf 86' lang='lat' dir='ltr'>cognouit,</span> <span class='ocrx_word' id='word_1_76' title='bbox 830 1358 1129 1447; x_wconf 64' lang='lat' dir='ltr'>neque&#39;tormentis</span> <span class='ocrx_word' id='word_1_77' title='bbox 1151 1385 1257 1449; x_wconf 92' lang='lat' dir='ltr'>neque</span> <span class='ocrx_word' id='word_1_78' title='bbox 1280 1363 1402 1448; x_wconf 91' lang='lat' dir='ltr'>suppli-</span> 
     </span>
     <span class='ocr_line' id='line_1_11' title="bbox 252 1469 1447 1557; baseline -0.001 -24"><span class='ocrx_word' id='word_1_79' title='bbox 252 1469 303 1533; x_wconf 92' lang='lat' dir='ltr'>cio</span> <span class='ocrx_word' id='word_1_80' title='bbox 331 1470 519 1554; x_wconf 88' lang='lat' dir='ltr'>cuiusquam</span> <span class='ocrx_word' id='word_1_81' title='bbox 547 1471 705 1555; x_wconf 81' lang='lat' dir='ltr'>pepercit,</span> <span class='ocrx_word' id='word_1_82' title='bbox 732 1472 793 1536; x_wconf 76' lang='lat' dir='ltr'>soli</span> <span class='ocrx_word' id='word_1_83' title='bbox 820 1471 897 1536; x_wconf 91' lang='lat' dir='ltr'>huic</span> <span class='ocrx_word' id='word_1_84' title='bbox 925 1470 1104 1557; x_wconf 82' lang='lat' dir='ltr'>cognitioni</span> <span class='ocrx_word' id='word_1_85' title='bbox 1130 1471 1209 1536; x_wconf 91' lang='lat' dir='ltr'>adeo</span> <span class='ocrx_word' id='word_1_86' title='bbox 1233 1493 1291 1555; x_wconf 89' lang='lat' dir='ltr'>per</span> <span class='ocrx_word' id='word_1_87' title='bbox 1314 1474 1402 1534; x_wconf 89' lang='lat' dir='ltr'>totos</span> <span class='ocrx_word' id='word_1_88' title='bbox 1418 1493 1447 1532; x_wconf 81' lang='lat' dir='ltr'>rc</span> 
     </span>
     <span class='ocr_line' id='line_1_12' title="bbox 253 1575 1402 1663; baseline 0.002 -25"><span class='ocrx_word' id='word_1_89' title='bbox 253 1575 320 1639; x_wconf 90' lang='lat' dir='ltr'>dies</span> <span class='ocrx_word' id='word_1_90' title='bbox 344 1577 470 1643; x_wconf 88' lang='lat' dir='ltr'>deditus</span> <span class='ocrx_word' id='word_1_91' title='bbox 498 1582 529 1642; x_wconf 91' lang='lat' dir='ltr'>et</span> <span class='ocrx_word' id='word_1_92' title='bbox 557 1579 714 1663; x_wconf 88' lang='lat' dir='ltr'>intentus,</span> <span class='ocrx_word' id='word_1_93' title='bbox 738 1582 775 1642; x_wconf 91' lang='lat' dir='ltr'>ut</span> <span class='ocrx_word' id='word_1_94' title='bbox 797 1577 1013 1642; x_wconf 88' lang='lat' dir='ltr'>Rhodiensem</span> <span class='ocrx_word' id='word_1_95' title='bbox 1037 1578 1214 1662; x_wconf 85' lang='lat' dir='ltr'>hospitem,</span> <span class='ocrx_word' id='word_1_96' title='bbox 1237 1600 1333 1660; x_wconf 92' lang='lat' dir='ltr'>quem</span> <span class='ocrx_word' id='word_1_97' title='bbox 1357 1577 1402 1640; x_wconf 83' lang='lat' dir='ltr'>fa-</span> 
     </span>
     <span class='ocr_line' id='line_1_13' title="bbox 252 1681 1402 1770; baseline 0.003 -25"><span class='ocrx_word' id='word_1_98' title='bbox 252 1681 433 1748; x_wconf 88' lang='lat' dir='ltr'>miliaribus</span> <span class='ocrx_word' id='word_1_99' title='bbox 455 1684 573 1749; x_wconf 89' lang='lat' dir='ltr'>litteris</span> <span class='ocrx_word' id='word_1_100' title='bbox 596 1684 734 1750; x_wconf 88' lang='lat' dir='ltr'>Romam</span> <span class='ocrx_word' id='word_1_101' title='bbox 758 1689 916 1770; x_wconf 88' lang='lat' dir='ltr'>euocarat,</span> <span class='ocrx_word' id='word_1_102' title='bbox 938 1685 1106 1750; x_wconf 88' lang='lat' dir='ltr'>aduenisse</span> <span class='ocrx_word' id='word_1_103' title='bbox 1130 1685 1193 1749; x_wconf 91' lang='lat' dir='ltr'>sibi</span> <span class='ocrx_word' id='word_1_104' title='bbox 1215 1685 1402 1748; x_wconf 91' lang='lat' dir='ltr'>nuntiatum</span> 
     </span>
     <span class='ocr_line' id='line_1_14' title="bbox 251 1791 1405 1876; baseline 0 -22"><span class='ocrx_word' id='word_1_105' title='bbox 251 1791 396 1874; x_wconf 86' lang='lat' dir='ltr'>torqueri</span> <span class='ocrx_word' id='word_1_106' title='bbox 419 1791 487 1855; x_wconf 90' lang='lat' dir='ltr'>sine</span> <span class='ocrx_word' id='word_1_107' title='bbox 511 1814 601 1858; x_wconf 91' lang='lat' dir='ltr'>mora</span> <span class='ocrx_word' id='word_1_108' title='bbox 624 1793 764 1874; x_wconf 90' lang='lat' dir='ltr'>iusserit,</span> <span class='ocrx_word' id='word_1_109' title='bbox 788 1793 879 1876; x_wconf 88' lang='lat' dir='ltr'>quasi</span> <span class='ocrx_word' id='word_1_110' title='bbox 900 1792 1018 1875; x_wconf 89' lang='lat' dir='ltr'>aliquis</span> <span class='ocrx_word' id='word_1_111' title='bbox 1037 1813 1077 1855; x_wconf 82' lang='lat' dir='ltr'>ex</span> <span class='ocrx_word' id='word_1_112' title='bbox 1099 1792 1288 1856; x_wconf 89' lang='lat' dir='ltr'>necessariis</span> <span class='ocrx_word' id='word_1_113' title='bbox 1308 1805 1405 1874; x_wconf 76' lang='lat' dir='ltr'>quae·</span> 
     </span>
     <span class='ocr_line' id='line_1_15' title="bbox 252 1897 1403 1982; baseline -0.002 -20"><span class='ocrx_word' id='word_1_114' title='bbox 252 1897 351 1962; x_wconf 88' lang='lat' dir='ltr'>stioni</span> <span class='ocrx_word' id='word_1_115' title='bbox 379 1897 517 1982; x_wconf 88' lang='lat' dir='ltr'>adesset,</span> <span class='ocrx_word' id='word_1_116' title='bbox 549 1898 663 1963; x_wconf 89' lang='lat' dir='ltr'>deinde</span> <span class='ocrx_word' id='word_1_117' title='bbox 690 1921 796 1963; x_wconf 90' lang='lat' dir='ltr'>errore</span> <span class='ocrx_word' id='word_1_118' title='bbox 825 1899 950 1962; x_wconf 88' lang='lat' dir='ltr'>detecto</span> <span class='ocrx_word' id='word_1_119' title='bbox 979 1902 1011 1962; x_wconf 92' lang='lat' dir='ltr'>et</span> <span class='ocrx_word' id='word_1_120' title='bbox 1038 1897 1154 1982; x_wconf 87' lang='lat' dir='ltr'>occidi,</span> <span class='ocrx_word' id='word_1_121' title='bbox 1184 1919 1224 1960; x_wconf 91' lang='lat' dir='ltr'>ne</span> <span class='ocrx_word' id='word_1_122' title='bbox 1252 1898 1403 1982; x_wconf 86' lang='lat' dir='ltr'>uulgaret</span> 
     </span>
    </p>

    <p class='ocr_par' dir='ltr' id='par_1_5' title="bbox 216 1998 1576 2626">
     <span class='ocr_line' id='line_1_16' title="bbox 216 1998 1445 2089; baseline -0.002 -20"><span class='ocrx_word' id='word_1_123' title='bbox 216 2005 411 2070; x_wconf 79' lang='lat' dir='ltr'>ainiuriam.</span> <span class='ocrx_word' id='word_1_124' title='bbox 462 2003 664 2070; x_wconf 84' lang='lat' dir='ltr'>carnificinae</span> <span class='ocrx_word' id='word_1_125' title='bbox 696 2007 765 2070; x_wconf 91' lang='lat' dir='ltr'>eius</span> <span class='ocrx_word' id='word_1_126' title='bbox 798 2005 978 2078; x_wconf 85' lang='lat' dir='ltr'>ostenditur</span> <span class='ocrx_word' id='word_1_127' title='bbox 1013 1998 1103 2069; x_wconf 90' lang='lat' dir='ltr'>locus</span> <span class='ocrx_word' id='word_1_128' title='bbox 1136 2002 1280 2089; x_wconf 78' lang='lat' dir='ltr'>Capreis,</span> <span class='ocrx_word' id='word_1_129' title='bbox 1317 2005 1402 2068; x_wconf 89' lang='lat' dir='ltr'>unde</span> <span class='ocrx_word' id='word_1_130' title='bbox 1417 2022 1445 2066; x_wconf 79' lang='lat' dir='ltr'>rs·</span> 
     </span>
     <span class='ocr_line' id='line_1_17' title="bbox 252 2107 1402 2199; baseline -0.003 -22"><span class='ocrx_word' id='word_1_131' title='bbox 252 2113 420 2177; x_wconf 90' lang='lat' dir='ltr'>damnatos</span> <span class='ocrx_word' id='word_1_132' title='bbox 443 2110 517 2196; x_wconf 91' lang='lat' dir='ltr'>post</span> <span class='ocrx_word' id='word_1_133' title='bbox 539 2113 637 2199; x_wconf 82' lang='lat' dir='ltr'>longa</span> <span class='ocrx_word' id='word_1_134' title='bbox 657 2118 689 2177; x_wconf 93' lang='lat' dir='ltr'>et</span> <span class='ocrx_word' id='word_1_135' title='bbox 708 2112 868 2196; x_wconf 83' lang='lat' dir='ltr'>exquisita</span> <span class='ocrx_word' id='word_1_136' title='bbox 886 2107 1047 2176; x_wconf 87' lang='lat' dir='ltr'>tormenta</span> <span class='ocrx_word' id='word_1_137' title='bbox 1064 2110 1270 2196; x_wconf 88' lang='lat' dir='ltr'>praecipitari</span> <span class='ocrx_word' id='word_1_138' title='bbox 1294 2133 1402 2177; x_wconf 89' lang='lat' dir='ltr'>coram</span> 
     </span>
     <span class='ocr_line' id='line_1_18' title="bbox 252 2213 1402 2304; baseline -0.003 -20"><span class='ocrx_word' id='word_1_139' title='bbox 252 2242 285 2284; x_wconf 91' lang='lat' dir='ltr'>se</span> <span class='ocrx_word' id='word_1_140' title='bbox 308 2221 342 2284; x_wconf 92' lang='lat' dir='ltr'>in</span> <span class='ocrx_word' id='word_1_141' title='bbox 369 2242 456 2284; x_wconf 90' lang='lat' dir='ltr'>mare</span> <span class='ocrx_word' id='word_1_142' title='bbox 480 2219 625 2304; x_wconf 91' lang='lat' dir='ltr'>iubebat,</span> <span class='ocrx_word' id='word_1_143' title='bbox 654 2221 835 2304; x_wconf 84' lang='lat' dir='ltr'>excipiente</span> <span class='ocrx_word' id='word_1_144' title='bbox 859 2213 1097 2284; x_wconf 89' lang='lat' dir='ltr'>classiariorum</span> <span class='ocrx_word' id='word_1_145' title='bbox 1119 2240 1218 2283; x_wconf 91' lang='lat' dir='ltr'>manu</span> <span class='ocrx_word' id='word_1_146' title='bbox 1242 2223 1274 2282; x_wconf 92' lang='lat' dir='ltr'>et</span> <span class='ocrx_word' id='word_1_147' title='bbox 1297 2219 1402 2283; x_wconf 88' lang='lat' dir='ltr'>contis</span> 
     </span>
     <span class='ocr_line' id='line_1_19' title="bbox 252 2325 1509 2416; baseline -0.003 -25"><span class='ocrx_word' id='word_1_148' title='bbox 252 2331 348 2412; x_wconf 89' lang='lat' dir='ltr'>atque</span> <span class='ocrx_word' id='word_1_149' title='bbox 376 2327 472 2392; x_wconf 91' lang='lat' dir='ltr'>remis</span> <span class='ocrx_word' id='word_1_150' title='bbox 500 2327 637 2391; x_wconf 88' lang='lat' dir='ltr'>elidente</span> <span class='ocrx_word' id='word_1_151' title='bbox 666 2327 831 2412; x_wconf 87' lang='lat' dir='ltr'>cadauera,</span> <span class='ocrx_word' id='word_1_152' title='bbox 860 2347 900 2390; x_wconf 91' lang='lat' dir='ltr'>ne</span> <span class='ocrx_word' id='word_1_153' title='bbox 929 2326 980 2390; x_wconf 91' lang='lat' dir='ltr'>cui</span> <span class='ocrx_word' id='word_1_154' title='bbox 1008 2325 1127 2390; x_wconf 90' lang='lat' dir='ltr'>residui</span> <span class='ocrx_word' id='word_1_155' title='bbox 1155 2325 1288 2409; x_wconf 78' lang='lat' dir='ltr'>spiritus</span> <span class='ocrx_word' id='word_1_156' title='bbox 1313 2325 1402 2407; x_wconf 89' lang='lat' dir='ltr'>quic·</span> <span class='ocrx_word' id='word_1_157' title='bbox 1507 2413 1509 2416; x_wconf 22' lang='grc' dir='ltr'>Ι</span> 
     </span>
     <span class='ocr_line' id='line_1_20' title="bbox 253 2425 1576 2520; baseline -0.003 -22"><span class='ocrx_word' id='word_1_158' title='bbox 253 2431 348 2518; x_wconf 83' lang='lat' dir='ltr'>qnam</span> <span class='ocrx_word' id='word_1_159' title='bbox 381 2434 507 2498; x_wconf 77' lang='lat' dir='ltr'>inesset.</span> <span class='ocrx_word' id='word_1_160' title='bbox 560 2435 801 2520; x_wconf 82' lang='lat' dir='ltr'>excogitauerat</span> <span class='ocrx_word' id='word_1_161' title='bbox 834 2437 941 2498; x_wconf 90' lang='lat' dir='ltr'>autem</span> <span class='ocrx_word' id='word_1_162' title='bbox 975 2433 1059 2498; x_wconf 90' lang='lat' dir='ltr'>inter</span> <span class='ocrx_word' id='word_1_163' title='bbox 1090 2453 1208 2517; x_wconf 84' lang='lat' dir='ltr'>genera</span> <span class='ocrx_word' id='word_1_164' title='bbox 1241 2432 1402 2496; x_wconf 91' lang='lat' dir='ltr'>cruciatus</span> <span class='ocrx_word' id='word_1_165' title='bbox 1575 2425 1576 2434; x_wconf 40' lang='lat'>¹</span> 
     </span>
     <span class='ocr_line' id='line_1_21' title="bbox 253 2540 1449 2626; baseline -0.003 -22"><span class='ocrx_word' id='word_1_166' title='bbox 253 2540 363 2624; x_wconf 89' lang='lat' dir='ltr'>etiam,</span> <span class='ocrx_word' id='word_1_167' title='bbox 391 2544 427 2603; x_wconf 91' lang='lat' dir='ltr'>ut</span> <span class='ocrx_word' id='word_1_168' title='bbox 450 2540 541 2626; x_wconf 87' lang='lat' dir='ltr'>larga</span> <span class='ocrx_word' id='word_1_169' title='bbox 564 2541 645 2604; x_wconf 91' lang='lat' dir='ltr'>meri</span> <span class='ocrx_word' id='word_1_170' title='bbox 668 2542 799 2624; x_wconf 91' lang='lat' dir='ltr'>potione</span> <span class='ocrx_word' id='word_1_171' title='bbox 822 2563 880 2626; x_wconf 93' lang='lat' dir='ltr'>per</span> <span class='ocrx_word' id='word_1_172' title='bbox 901 2541 1061 2604; x_wconf 80' lang='lat' dir='ltr'>sedeciam</span> <span class='ocrx_word' id='word_1_173' title='bbox 1085 2544 1247 2622; x_wconf 91' lang='lat' dir='ltr'>oneratos,</span> <span class='ocrx_word' id='word_1_174' title='bbox 1269 2543 1402 2623; x_wconf 91' lang='lat' dir='ltr'>repente</span> <span class='ocrx_word' id='word_1_175' title='bbox 1418 2560 1449 2600; x_wconf 83' lang='lat' dir='ltr'>rc</span> 
     </span>
    </p>

    <p class='ocr_par' dir='ltr' id='par_1_6' title="bbox 104 2644 1403 2732">
     <span class='ocr_line' id='line_1_22' title="bbox 104 2644 1403 2732; baseline -0.002 -20"><span class='ocrx_word' id='word_1_176' title='bbox 104 2659 121 2698; x_wconf 62' lang='lat' dir='ltr'><em>J</em></span> <span class='ocrx_word' id='word_1_177' title='bbox 241 2647 388 2712; x_wconf 80' lang='lat' dir='ltr'>ueretris</span> <span class='ocrx_word' id='word_1_178' title='bbox 412 2644 574 2732; x_wconf 78' lang='lat' dir='ltr'>deligatis,</span> <span class='ocrx_word' id='word_1_179' title='bbox 602 2645 805 2713; x_wconf 85' lang='lat' dir='ltr'>fidicularum</span> <span class='ocrx_word' id='word_1_180' title='bbox 833 2649 929 2713; x_wconf 90' lang='lat' dir='ltr'>simul</span> <span class='ocrx_word' id='word_1_181' title='bbox 956 2647 1131 2730; x_wconf 88' lang='lat' dir='ltr'>urinaeque</span> <span class='ocrx_word' id='word_1_182' title='bbox 1154 2650 1315 2711; x_wconf 89' lang='lat' dir='ltr'>tormento</span> <span class='ocrx_word' id='word_1_183' title='bbox 1341 2647 1403 2709; x_wconf 89' lang='lat' dir='ltr'>dis-</span> 
     </span>
    </p>

    <p class='ocr_par' dir='ltr' id='par_1_7' title="bbox 217 2752 1444 3480">
     <span class='ocr_line' id='line_1_23' title="bbox 217 2752 1402 2839; baseline 0.002 -25"><span class='ocrx_word' id='word_1_184' title='bbox 217 2767 233 2814; x_wconf 87' lang='lat'><strong>3</strong></span> <span class='ocrx_word' id='word_1_185' title='bbox 253 2755 405 2818; x_wconf 88' lang='lat' dir='ltr'>tenderet.</span> <span class='ocrx_word' id='word_1_186' title='bbox 447 2755 620 2838; x_wconf 89' lang='lat' dir='ltr'>quodnisi</span> <span class='ocrx_word' id='word_1_187' title='bbox 644 2777 717 2820; x_wconf 92' lang='lat' dir='ltr'>eum</span> <span class='ocrx_word' id='word_1_188' title='bbox 742 2761 773 2820; x_wconf 91' lang='lat' dir='ltr'>et</span> <span class='ocrx_word' id='word_1_189' title='bbox 796 2778 882 2820; x_wconf 91' lang='lat' dir='ltr'>mors</span> <span class='ocrx_word' id='word_1_190' title='bbox 909 2754 1128 2839; x_wconf 89' lang='lat' dir='ltr'>praeuenisset</span> <span class='ocrx_word' id='word_1_191' title='bbox 1155 2758 1188 2817; x_wconf 88' lang='lat' dir='ltr'>et</span> <span class='ocrx_word' id='word_1_192' title='bbox 1211 2752 1402 2837; x_wconf 79' lang='lat' dir='ltr'>Thrasyllus</span> 
     </span>
     <span class='ocr_line' id='line_1_24' title="bbox 252 2857 1401 2947; baseline -0.003 -21"><span class='ocrx_word' id='word_1_193' title='bbox 252 2861 469 2945; x_wconf 68' lang='lat' dir='ltr'>consultant</span> <span class='ocrx_word' id='word_1_194' title='bbox 492 2857 593 2946; x_wconf 88' lang='lat' dir='ltr'>aiunt,</span> <span class='ocrx_word' id='word_1_195' title='bbox 616 2863 742 2928; x_wconf 84' lang='lat' dir='ltr'>differre</span> <span class='ocrx_word' id='word_1_196' title='bbox 766 2863 920 2946; x_wconf 86' lang='lat' dir='ltr'>quaedam</span> <span class='ocrx_word' id='word_1_197' title='bbox 946 2884 1001 2946; x_wconf 88' lang='lat' dir='ltr'>spe</span> <span class='ocrx_word' id='word_1_198' title='bbox 1025 2861 1182 2947; x_wconf 86' lang='lat' dir='ltr'>longioris</span> <span class='ocrx_word' id='word_1_199' title='bbox 1206 2859 1292 2924; x_wconf 88' lang='lat' dir='ltr'>uitae</span> <span class='ocrx_word' id='word_1_200' title='bbox 1316 2881 1401 2923; x_wconf 88' lang='lat' dir='ltr'>coru-</span> 
     </span>
     <span class='ocr_line' id='line_1_25' title="bbox 251 2967 1400 3053; baseline -0.003 -20"><span class='ocrx_word' id='word_1_201' title='bbox 251 2969 402 3052; x_wconf 89' lang='lat' dir='ltr'>pulissct,</span> <span class='ocrx_word' id='word_1_202' title='bbox 429 2970 537 3052; x_wconf 89' lang='lat' dir='ltr'>plures</span> <span class='ocrx_word' id='word_1_203' title='bbox 570 2969 735 3053; x_wconf 90' lang='lat' dir='ltr'>aliquanto</span> <span class='ocrx_word' id='word_1_204' title='bbox 768 2973 939 3034; x_wconf 89' lang='lat' dir='ltr'>necaturus</span> <span class='ocrx_word' id='word_1_205' title='bbox 972 2991 1008 3033; x_wconf 88' lang='lat' dir='ltr'>ac</span> <span class='ocrx_word' id='word_1_206' title='bbox 1039 2990 1079 3032; x_wconf 95' lang='lat' dir='ltr'>ne</span> <span class='ocrx_word' id='word_1_207' title='bbox 1106 2967 1239 3050; x_wconf 91' lang='lat' dir='ltr'>reliquis</span> <span class='ocrx_word' id='word_1_208' title='bbox 1271 2967 1400 3050; x_wconf 91' lang='lat' dir='ltr'>quidem</span> 
     </span>
     <span class='ocr_line' id='line_1_26' title="bbox 251 3066 1444 3162; baseline -0.003 -23"><span class='ocrx_word' id='word_1_209' title='bbox 251 3068 424 3159; x_wconf 73' lang='lat' dir='ltr'>nepotibus</span> <span class='ocrx_word' id='word_1_210' title='bbox 447 3095 601 3160; x_wconf 85' lang='lat' dir='ltr'>parsurus</span> <span class='ocrx_word' id='word_1_211' title='bbox 625 3077 779 3162; x_wconf 89' lang='lat' dir='ltr'>creditur,</span> <span class='ocrx_word' id='word_1_212' title='bbox 808 3098 880 3140; x_wconf 91' lang='lat' dir='ltr'>cum</span> <span class='ocrx_word' id='word_1_213' title='bbox 905 3080 936 3140; x_wconf 93' lang='lat' dir='ltr'>et</span> <span class='ocrx_word' id='word_1_214' title='bbox 960 3074 1074 3138; x_wconf 81' lang='lat' dir='ltr'>Gaium</span> <span class='ocrx_word' id='word_1_215' title='bbox 1099 3066 1282 3158; x_wconf 86' lang='lat' dir='ltr'>suspectum</span> <span class='ocrx_word' id='word_1_216' title='bbox 1306 3073 1400 3137; x_wconf 90' lang='lat' dir='ltr'>habe·</span> <span class='ocrx_word' id='word_1_217' title='bbox 1417 3094 1444 3134; x_wconf 80' lang='lat' dir='ltr'>rs</span> 
     </span>
     <span class='ocr_line' id='line_1_27' title="bbox 251 3179 1402 3265; baseline -0.003 -18"><span class='ocrx_word' id='word_1_218' title='bbox 251 3179 300 3247; x_wconf 92' lang='lat' dir='ltr'>ret</span> <span class='ocrx_word' id='word_1_219' title='bbox 324 3188 355 3247; x_wconf 89' lang='lat' dir='ltr'>et</span> <span class='ocrx_word' id='word_1_220' title='bbox 373 3182 539 3246; x_wconf 85' lang='lat' dir='ltr'>Tiberium</span> <span class='ocrx_word' id='word_1_221' title='bbox 563 3187 599 3246; x_wconf 91' lang='lat' dir='ltr'>ut</span> <span class='ocrx_word' id='word_1_222' title='bbox 623 3205 662 3246; x_wconf 85' lang='lat' dir='ltr'>ex</span> <span class='ocrx_word' id='word_1_223' title='bbox 686 3183 843 3248; x_wconf 89' lang='lat' dir='ltr'>adulterio</span> <span class='ocrx_word' id='word_1_224' title='bbox 864 3187 1054 3265; x_wconf 87' lang='lat' dir='ltr'>conceptum</span> <span class='ocrx_word' id='word_1_225' title='bbox 1074 3185 1305 3265; x_wconf 88' lang='lat' dir='ltr'>aspernaretur.</span> <span class='ocrx_word' id='word_1_226' title='bbox 1343 3202 1402 3243; x_wconf 87' lang='lat' dir='ltr'>nco</span> 
     </span>
     <span class='ocr_line' id='line_1_28' title="bbox 252 3287 1402 3374; baseline -0.002 -22"><span class='ocrx_word' id='word_1_227' title='bbox 252 3289 403 3353; x_wconf 91' lang='lat' dir='ltr'>abhorret</span> <span class='ocrx_word' id='word_1_228' title='bbox 422 3312 440 3353; x_wconf 91' lang='lat' dir='ltr'>a</span> <span class='ocrx_word' id='word_1_229' title='bbox 458 3311 550 3374; x_wconf 70' lang='lat' dir='ltr'>uero,</span> <span class='ocrx_word' id='word_1_230' title='bbox 571 3311 710 3372; x_wconf 91' lang='lat' dir='ltr'>namque</span> <span class='ocrx_word' id='word_1_231' title='bbox 729 3289 904 3363; x_wconf 84' lang='lat' dir='ltr'>identidem</span> <span class='ocrx_word' id='word_1_232' title='bbox 924 3287 1075 3351; x_wconf 90' lang='lat' dir='ltr'>felicem</span> <span class='ocrx_word' id='word_1_233' title='bbox 1094 3287 1285 3352; x_wconf 89' lang='lat' dir='ltr'>Priamum</span> <span class='ocrx_word' id='word_1_234' title='bbox 1308 3308 1402 3352; x_wconf 91' lang='lat' dir='ltr'>uoca-</span> 
     </span>
     <span class='ocr_line' id='line_1_29' title="bbox 250 3394 1365 3480; baseline -0.002 -20"><span class='ocrx_word' id='word_1_235' title='bbox 250 3397 316 3479; x_wconf 90' lang='lat' dir='ltr'>bat,</span> <span class='ocrx_word' id='word_1_236' title='bbox 339 3396 439 3479; x_wconf 92' lang='lat' dir='ltr'>quod</span> <span class='ocrx_word' id='word_1_237' title='bbox 462 3401 666 3480; x_wconf 90' lang='lat' dir='ltr'>superstes</span> <span class='ocrx_word' id='word_1_238' title='bbox 685 3397 850 3460; x_wconf 92' lang='lat' dir='ltr'>omnium</span> <span class='ocrx_word' id='word_1_239' title='bbox 875 3416 1029 3459; x_wconf 90' lang='lat' dir='ltr'>suorum</span> <span class='ocrx_word' id='word_1_240' title='bbox 1054 3394 1262 3458; x_wconf 85' lang='lat' dir='ltr'>extitisset.</span> <span class='ocrx_word' id='word_1_241' title='bbox 1360 3424 1365 3427; x_wconf 97' lang='lat'>·</span> 
     </span>
    </p>

    <p class='ocr_par' dir='ltr' id='par_1_8' title="bbox 199 3495 1443 3800">
     <span class='ocr_line' id='line_1_30' title="bbox 199 3495 1402 3584; baseline 0.003 -23"><span class='ocrx_word' id='word_1_242' title='bbox 199 3495 246 3562; x_wconf 82' lang='lat'>63</span> <span class='ocrx_word' id='word_1_243' title='bbox 345 3502 447 3578; x_wconf 78' lang='lat' dir='ltr'>Quam</span> <span class='ocrx_word' id='word_1_244' title='bbox 474 3505 559 3567; x_wconf 90' lang='lat' dir='ltr'>inter</span> <span class='ocrx_word' id='word_1_245' title='bbox 585 3502 663 3567; x_wconf 91' lang='lat' dir='ltr'>haec</span> <span class='ocrx_word' id='word_1_246' title='bbox 686 3525 752 3566; x_wconf 91' lang='lat' dir='ltr'>non</span> <span class='ocrx_word' id='word_1_247' title='bbox 774 3502 869 3567; x_wconf 92' lang='lat' dir='ltr'>modo</span> <span class='ocrx_word' id='word_1_248' title='bbox 898 3503 1023 3565; x_wconf 91' lang='lat' dir='ltr'>inuisus</span> <span class='ocrx_word' id='word_1_249' title='bbox 1047 3523 1082 3565; x_wconf 92' lang='lat' dir='ltr'>ac</span> <span class='ocrx_word' id='word_1_250' title='bbox 1107 3500 1317 3584; x_wconf 90' lang='lat' dir='ltr'>detestabilis,</span> <span class='ocrx_word' id='word_1_251' title='bbox 1346 3501 1402 3565; x_wconf 88' lang='lat' dir='ltr'>sed</span> 
     </span>
     <span class='ocr_line' id='line_1_31' title="bbox 252 3608 1443 3694; baseline -0.004 -22"><span class='ocrx_word' id='word_1_252' title='bbox 252 3609 475 3693; x_wconf 87' lang='lat' dir='ltr'>praetrepidus</span> <span class='ocrx_word' id='word_1_253' title='bbox 495 3629 622 3693; x_wconf 90' lang='lat' dir='ltr'>quoque</span> <span class='ocrx_word' id='word_1_254' title='bbox 642 3614 738 3693; x_wconf 90' lang='lat' dir='ltr'>atque</span> <span class='ocrx_word' id='word_1_255' title='bbox 757 3610 853 3674; x_wconf 90' lang='lat' dir='ltr'>etiam</span> <span class='ocrx_word' id='word_1_256' title='bbox 874 3609 1077 3673; x_wconf 90' lang='lat' dir='ltr'>contumeliis</span> <span class='ocrx_word' id='word_1_257' title='bbox 1096 3608 1255 3673; x_wconf 85' lang='lat' dir='ltr'>obnoxius</span> <span class='ocrx_word' id='word_1_258' title='bbox 1274 3609 1402 3694; x_wconf 85' lang='lat' dir='ltr'>uixerit,</span> <span class='ocrx_word' id='word_1_259' title='bbox 1415 3627 1443 3667; x_wconf 82' lang='lat' dir='ltr'>ao</span> 
     </span>
     <span class='ocr_line' id='line_1_32' title="bbox 252 3715 1400 3800; baseline 0 -20"><span class='ocrx_word' id='word_1_260' title='bbox 252 3716 355 3780; x_wconf 90' lang='lat' dir='ltr'>multa</span> <span class='ocrx_word' id='word_1_261' title='bbox 384 3717 502 3780; x_wconf 92' lang='lat' dir='ltr'>indicia</span> <span class='ocrx_word' id='word_1_262' title='bbox 531 3722 613 3780; x_wconf 92' lang='lat' dir='ltr'>sunt.</span> <span class='ocrx_word' id='word_1_263' title='bbox 655 3716 840 3800; x_wconf 89' lang='lat' dir='ltr'>haruspices</span> <span class='ocrx_word' id='word_1_264' title='bbox 864 3720 985 3781; x_wconf 90' lang='lat' dir='ltr'>secreto</span> <span class='ocrx_word' id='word_1_265' title='bbox 1010 3736 1046 3779; x_wconf 89' lang='lat' dir='ltr'>ac</span> <span class='ocrx_word' id='word_1_266' title='bbox 1074 3715 1142 3780; x_wconf 92' lang='lat' dir='ltr'>sine</span> <span class='ocrx_word' id='word_1_267' title='bbox 1165 3715 1303 3779; x_wconf 91' lang='lat' dir='ltr'>testibus</span> <span class='ocrx_word' id='word_1_268' title='bbox 1328 3737 1400 3780; x_wconf 92' lang='lat' dir='ltr'>con-</span> 
     </span>
    </p>
   </div>
   <div class='ocr_carea' id='block_1_4' title="bbox 252 3989 1400 4534">
    <p class='ocr_par' dir='ltr' id='par_1_9' title="bbox 252 3989 1400 4534">
     <span class='ocr_line' id='line_1_33' title="bbox 325 3989 1400 4068; baseline -0.002 -16"><span class='ocrx_word' id='word_1_269' title='bbox 325 3999 550 4068; x_wconf 86' lang='lat' dir='ltr'>lquoddamM</span> <span class='ocrx_word' id='word_1_270' title='bbox 602 4005 751 4067; x_wconf 82' lang='lat' dir='ltr'>2copreas</span> <span class='ocrx_word' id='word_1_271' title='bbox 763 4001 800 4052; x_wconf 90' lang='lat' dir='ltr'><em>M</em></span> <span class='ocrx_word' id='word_1_272' title='bbox 804 3999 864 4066; x_wconf 82' lang='lat' dir='ltr'>VB,</span> <span class='ocrx_word' id='word_1_273' title='bbox 884 4014 999 4066; x_wconf 87' lang='lat' dir='ltr'>capreas</span> <span class='ocrx_word' id='word_1_274' title='bbox 1013 4000 1060 4052; x_wconf 82' lang='lat' dir='ltr'>rel.</span> <span class='ocrx_word' id='word_1_275' title='bbox 1076 3999 1120 4066; x_wconf 80' lang='lat' dir='ltr'>(cf.</span> <span class='ocrx_word' id='word_1_276' title='bbox 1139 3989 1235 4053; x_wconf 70' lang='lat' dir='ltr'>Claud.</span> <span class='ocrx_word' id='word_1_277' title='bbox 1247 3999 1275 4066; x_wconf 86' lang='grc'>8)</span> <span class='ocrx_word' id='word_1_278' title='bbox 1330 4014 1400 4066; x_wconf 90' lang='lat' dir='ltr'>pau-</span> 
     </span>
     <span class='ocr_line' id='line_1_34' title="bbox 252 4077 1400 4149; baseline -0.003 -17"><span class='ocrx_word' id='word_1_279' title='bbox 252 4080 348 4132; x_wconf 90' lang='lat' dir='ltr'>eonius</span> <span class='ocrx_word' id='word_1_280' title='bbox 366 4084 390 4132; x_wconf 79' lang='grc' dir='ltr'><strong><em>Τ</em></strong></span> <span class='ocrx_word' id='word_1_281' title='bbox 443 4079 610 4148; x_wconf 85' lang='lat' dir='ltr'>4pauconii</span> <span class='ocrx_word' id='word_1_282' title='bbox 627 4082 651 4131; x_wconf 78' lang='grc' dir='ltr'><strong><em>Τ</em></strong></span> <span class='ocrx_word' id='word_1_283' title='bbox 706 4080 779 4149; x_wconf 71' lang='lat' dir='ltr'>tet]</span> <span class='ocrx_word' id='word_1_284' title='bbox 799 4095 833 4132; x_wconf 88' lang='lat' dir='ltr'>ex</span> <span class='ocrx_word' id='word_1_285' title='bbox 854 4079 1022 4134; x_wconf 78' lang='lat' dir='ltr'>Cornelissen</span> <span class='ocrx_word' id='word_1_286' title='bbox 1083 4077 1331 4146; x_wconf 85' lang='lat' dir='ltr'>intemperantiam</span> <span class='ocrx_word' id='word_1_287' title='bbox 1347 4079 1400 4132; x_wconf 82' lang='lat' dir='ltr'>Ma</span> 
     </span>
     <span class='ocr_line' id='line_1_35' title="bbox 252 4157 1400 4230; baseline -0.001 -19"><span class='ocrx_word' id='word_1_288' title='bbox 252 4163 393 4213; x_wconf 87' lang='lat' dir='ltr'>8ueneno</span> <span class='ocrx_word' id='word_1_289' title='bbox 413 4161 544 4230; x_wconf 62' lang='grc' dir='ltr'>σηιΠρ,</span> <span class='ocrx_word' id='word_1_290' title='bbox 569 4166 631 4229; x_wconf 80' lang='lat' dir='ltr'>poet</span> <span class='ocrx_word' id='word_1_291' title='bbox 654 4159 853 4227; x_wconf 88' lang='lat' dir='ltr'>interemptum</span> <span class='ocrx_word' id='word_1_292' title='bbox 871 4159 989 4212; x_wconf 82' lang='lat' dir='ltr'>tabetS</span> <span class='ocrx_word' id='word_1_293' title='bbox 1076 4157 1265 4227; x_wconf 89' lang='lat' dir='ltr'>interceptum</span> <span class='ocrx_word' id='word_1_294' title='bbox 1285 4157 1400 4226; x_wconf 71' lang='lat' dir='ltr'>Bentley</span> 
     </span>
     <span class='ocr_line' id='line_1_36' title="bbox 254 4238 1400 4308; baseline -0.002 -16"><span class='ocrx_word' id='word_1_295' title='bbox 254 4244 286 4292; x_wconf 91' lang='lat'>10</span> <span class='ocrx_word' id='word_1_296' title='bbox 306 4240 474 4308; x_wconf 82' lang='lat' dir='ltr'>cuiquamG</span> <span class='ocrx_word' id='word_1_297' title='bbox 530 4246 561 4293; x_wconf 91' lang='grc'>12</span> <span class='ocrx_word' id='word_1_298' title='bbox 582 4241 836 4308; x_wconf 85' lang='lat' dir='ltr'>euocarat(-uerat)</span> <span class='ocrx_word' id='word_1_299' title='bbox 852 4256 868 4298; x_wconf 89' lang='grc' dir='ltr'><em>ς</em></span> <span class='ocrx_word' id='word_1_300' title='bbox 883 4238 1043 4308; x_wconf 78' lang='lat' dir='ltr'>(Beroald.),</span> <span class='ocrx_word' id='word_1_301' title='bbox 1063 4238 1236 4292; x_wconf 72' lang='lat' dir='ltr'>euocabatit</span> <span class='ocrx_word' id='word_1_302' title='bbox 1251 4238 1400 4306; x_wconf 88' lang='lat' dir='ltr'>(euocabat</span> 
     </span>
     <span class='ocr_line' id='line_1_37' title="bbox 252 4315 1399 4390; baseline -0.001 -19"><span class='ocrx_word' id='word_1_303' title='bbox 252 4335 358 4373; x_wconf 88' lang='lat' dir='ltr'>romam</span> <span class='ocrx_word' id='word_1_304' title='bbox 375 4321 409 4389; x_wconf 83' lang='lat' dir='ltr'>G)</span> <span class='ocrx_word' id='word_1_305' title='bbox 484 4326 515 4373; x_wconf 76' lang='lat'>1&#39;1</span> <span class='ocrx_word' id='word_1_306' title='bbox 536 4337 611 4372; x_wconf 85' lang='lat' dir='ltr'>marc</span> <span class='ocrx_word' id='word_1_307' title='bbox 627 4319 754 4390; x_wconf 70' lang='grc' dir='ltr'><em>ΠᾮΡΤ,</em></span> <span class='ocrx_word' id='word_1_308' title='bbox 773 4319 846 4372; x_wconf 89' lang='lat' dir='ltr'>mari</span> <span class='ocrx_word' id='word_1_309' title='bbox 863 4320 910 4372; x_wconf 77' lang='lat' dir='ltr'>rel.</span> <span class='ocrx_word' id='word_1_310' title='bbox 924 4321 970 4387; x_wconf 81' lang='lat' dir='ltr'>(a)</span> <span class='ocrx_word' id='word_1_311' title='bbox 1043 4323 1077 4371; x_wconf 88' lang='grc'>20</span> <span class='ocrx_word' id='word_1_312' title='bbox 1091 4318 1172 4387; x_wconf 84' lang='lat' dir='ltr'>larga</span> <span class='ocrx_word' id='word_1_313' title='bbox 1191 4335 1259 4373; x_wconf 78' lang='lat' dir='ltr'>corr,</span> <span class='ocrx_word' id='word_1_314' title='bbox 1275 4335 1309 4371; x_wconf 81' lang='lat' dir='ltr'>ecc</span> <span class='ocrx_word' id='word_1_315' title='bbox 1327 4315 1399 4386; x_wconf 86' lang='lat' dir='ltr'>largi</span> 
     </span>
     <span class='ocr_line' id='line_1_38' title="bbox 252 4397 1399 4470; baseline -0.002 -18"><span class='ocrx_word' id='word_1_316' title='bbox 252 4398 402 4468; x_wconf 77' lang='lat' dir='ltr'>(m.1.?)M</span> <span class='ocrx_word' id='word_1_317' title='bbox 471 4406 504 4452; x_wconf 88' lang='grc'>23</span> <span class='ocrx_word' id='word_1_318' title='bbox 524 4399 683 4468; x_wconf 87' lang='lat' dir='ltr'>impulisset</span> <span class='ocrx_word' id='word_1_319' title='bbox 698 4401 813 4470; x_wconf 72' lang='lat' dir='ltr'>Bentley</span> <span class='ocrx_word' id='word_1_320' title='bbox 886 4404 919 4451; x_wconf 77' lang='lat' dir='ltr'>ab</span> <span class='ocrx_word' id='word_1_321' title='bbox 934 4398 1083 4466; x_wconf 90' lang='lat' dir='ltr'>nepotibus</span> <span class='ocrx_word' id='word_1_322' title='bbox 1098 4398 1188 4454; x_wconf 72' lang='lat' dir='ltr'>cmG</span> <span class='ocrx_word' id='word_1_323' title='bbox 1261 4403 1295 4451; x_wconf 90' lang='lat'>30</span> <span class='ocrx_word' id='word_1_324' title='bbox 1314 4397 1399 4451; x_wconf 88' lang='lat' dir='ltr'>ctiam</span> 
     </span>
     <span class='ocr_line' id='line_1_39' title="bbox 253 4479 669 4534; baseline 0.005 -2"><span class='ocrx_word' id='word_1_325' title='bbox 253 4479 429 4533; x_wconf 84' lang='lat' dir='ltr'>contumeliis</span> <span class='ocrx_word' id='word_1_326' title='bbox 448 4480 497 4534; x_wconf 84' lang='lat' dir='ltr'>del.</span> <span class='ocrx_word' id='word_1_327' title='bbox 514 4480 669 4534; x_wconf 80' lang='lat' dir='ltr'>Salmasius</span> 
     </span>
    </p>
   </div>
   <div class='ocr_carea' id='block_1_5' title="bbox 0 0 1588 5106">
    <p class='ocr_par' dir='ltr' id='par_1_10' title="bbox 0 0 1588 5106">
     <span class='ocr_line' id='line_1_40' title="bbox 0 0 1588 5106; baseline 0 2"><span class='ocrx_word' id='word_1_328' title='bbox 0 0 1588 5106; x_wconf 95' lang='lat' dir='ltr'> </span> 
     </span>
    </p>
   </div>
  </div>
 </body>
</html>
