<?xml version="1.0" encoding="UTF-8"?>
<!DOCTYPE html PUBLIC "-//W3C//DTD XHTML 1.0 Transitional//EN"
    "http://www.w3.org/TR/xhtml1/DTD/xhtml1-transitional.dtd">
<html xmlns="http://www.w3.org/1999/xhtml" xml:lang="en" lang="en">
 <head>
  <title>
</title>
<meta http-equiv="Content-Type" content="text/html;charset=utf-8" />
  <meta name='ocr-system' content='tesseract 3.04.00' />
  <meta name='ocr-capabilities' content='ocr_page ocr_carea ocr_par ocr_line ocrx_word'/>
</head>
<body>
  <div class='ocr_page' id='page_1' title='image "./csuetoniitranqu01suetgoog_0033.png"; bbox 0 0 3098 5110; ppageno 0'>
   <div class='ocr_carea' id='block_1_1' title="bbox 649 385 1326 442">
    <p class='ocr_par' dir='ltr' id='par_1_1' title="bbox 649 385 1326 442">
     <span class='ocr_line' id='line_1_1' title="bbox 649 385 1326 442; baseline 0.001 -1"><span class='ocrx_word' id='word_1_1' title='bbox 649 385 854 442; x_wconf 79' lang='lat' dir='ltr'>PRAEFATIO</span> <span class='ocrx_word' id='word_1_2' title='bbox 1237 385 1326 442; x_wconf 83' lang='lat' dir='ltr'>XXIX</span> 
     </span>
    </p>
   </div>
   <div class='ocr_carea' id='block_1_2' title="bbox 159 555 1325 3928">
    <p class='ocr_par' dir='ltr' id='par_1_2' title="bbox 161 555 1325 3123">
     <span class='ocr_line' id='line_1_2' title="bbox 169 555 1325 632; baseline 0.003 -20"><span class='ocrx_word' id='word_1_3' title='bbox 169 556 208 612; x_wconf 82' lang='lat' dir='ltr'><strong>in</strong></span> <span class='ocrx_word' id='word_1_4' title='bbox 237 558 449 616; x_wconf 86' lang='lat' dir='ltr'><strong>commentario</strong></span> <span class='ocrx_word' id='word_1_5' title='bbox 477 555 646 615; x_wconf 75' lang='lat' dir='ltr'><strong>accuratius</strong></span> <span class='ocrx_word' id='word_1_6' title='bbox 673 555 822 614; x_wconf 72' lang='lat' dir='ltr'><strong>nectendi</strong></span> <span class='ocrx_word' id='word_1_7' title='bbox 850 558 944 614; x_wconf 83' lang='lat' dir='ltr'><strong>amnt.</strong></span> <span class='ocrx_word' id='word_1_8' title='bbox 985 557 1084 632; x_wconf 81' lang='lat' dir='ltr'>recepi</span> <span class='ocrx_word' id='word_1_9' title='bbox 1107 573 1122 612; x_wconf 94' lang='lat' dir='ltr'><strong>e</strong></span> <span class='ocrx_word' id='word_1_10' title='bbox 1145 555 1325 615; x_wconf 91' lang='lat' dir='ltr'><strong>Memmiano</strong></span> 
     </span>
     <span class='ocr_line' id='line_1_3' title="bbox 171 642 1324 721; baseline 0.003 -21"><span class='ocrx_word' id='word_1_11' title='bbox 171 643 319 704; x_wconf 89' lang='lat' dir='ltr'><strong>lectiones</strong></span> <span class='ocrx_word' id='word_1_12' title='bbox 342 663 432 720; x_wconf 90' lang='lat' dir='ltr'><strong>quarn</strong></span> <span class='ocrx_word' id='word_1_13' title='bbox 456 645 613 721; x_wconf 85' lang='lat' dir='ltr'><strong>plurimas,</strong></span> <span class='ocrx_word' id='word_1_14' title='bbox 646 643 753 720; x_wconf 91' lang='lat' dir='ltr'><strong>quibus</strong></span> <span class='ocrx_word' id='word_1_15' title='bbox 777 642 802 703; x_wconf 89' lang='lat' dir='ltr'><strong>si</strong></span> <span class='ocrx_word' id='word_1_16' title='bbox 830 643 979 704; x_wconf 75' lang='lat' dir='ltr'>addideris</span> <span class='ocrx_word' id='word_1_17' title='bbox 1006 646 1038 702; x_wconf 94' lang='lat' dir='ltr'><strong>in</strong></span> <span class='ocrx_word' id='word_1_18' title='bbox 1061 645 1117 704; x_wconf 84' lang='lat' dir='ltr'><strong>hac</strong></span> <span class='ocrx_word' id='word_1_19' title='bbox 1140 644 1324 719; x_wconf 77' lang='lat' dir='ltr'><strong>praefatione</strong></span> 
     </span>
     <span class='ocr_line' id='line_1_4' title="bbox 167 731 1325 810; baseline 0.001 -20"><span class='ocrx_word' id='word_1_20' title='bbox 167 737 423 794; x_wconf 85' lang='lat' dir='ltr'><strong>commemoratas</strong></span> <span class='ocrx_word' id='word_1_21' title='bbox 450 734 599 810; x_wconf 86' lang='lat' dir='ltr'><strong>integrum</strong></span> <span class='ocrx_word' id='word_1_22' title='bbox 627 734 689 792; x_wconf 90' lang='lat' dir='ltr'><strong>fere</strong></span> <span class='ocrx_word' id='word_1_23' title='bbox 712 731 842 794; x_wconf 76' lang='lat' dir='ltr'>codicem</span> <span class='ocrx_word' id='word_1_24' title='bbox 866 751 1035 809; x_wconf 88' lang='lat' dir='ltr'><strong>expressum</strong></span> <span class='ocrx_word' id='word_1_25' title='bbox 1059 732 1193 806; x_wconf 78' lang='lat' dir='ltr'><strong>habebis3</strong></span> <span class='ocrx_word' id='word_1_26' title='bbox 1217 753 1232 792; x_wconf 91' lang='lat' dir='ltr'><strong>e</strong></span> <span class='ocrx_word' id='word_1_27' title='bbox 1256 733 1325 792; x_wconf 89' lang='lat' dir='ltr'><strong>reli-</strong></span> 
     </span>
     <span class='ocr_line' id='line_1_5' title="bbox 168 821 1325 900; baseline 0.001 -21"><span class='ocrx_word' id='word_1_28' title='bbox 168 821 243 896; x_wconf 86' lang='lat' dir='ltr'><strong>quis</strong></span> <span class='ocrx_word' id='word_1_29' title='bbox 266 822 404 897; x_wconf 87' lang='lat' dir='ltr'><strong>selectas,</strong></span> <span class='ocrx_word' id='word_1_30' title='bbox 434 825 464 880; x_wconf 89' lang='lat' dir='ltr'><strong>et</strong></span> <span class='ocrx_word' id='word_1_31' title='bbox 486 825 532 882; x_wconf 87' lang='lat' dir='ltr'><strong>ita</strong></span> <span class='ocrx_word' id='word_1_32' title='bbox 553 823 674 900; x_wconf 87' lang='lat' dir='ltr'><strong>quidem</strong></span> <span class='ocrx_word' id='word_1_33' title='bbox 697 827 731 880; x_wconf 90' lang='lat' dir='ltr'><strong>ut</strong></span> <span class='ocrx_word' id='word_1_34' title='bbox 753 825 888 882; x_wconf 88' lang='lat' dir='ltr'><strong>notarem</strong></span> <span class='ocrx_word' id='word_1_35' title='bbox 911 822 1034 882; x_wconf 87' lang='lat' dir='ltr'><strong>lacunas</strong></span> <span class='ocrx_word' id='word_1_36' title='bbox 1056 821 1261 898; x_wconf 71' lang='lat' dir='ltr'><strong>notabiliores,</strong></span> <span class='ocrx_word' id='word_1_37' title='bbox 1293 822 1325 880; x_wconf 91' lang='lat' dir='ltr'><strong>id</strong></span> 
     </span>
     <span class='ocr_line' id='line_1_6' title="bbox 168 909 1324 987; baseline 0.002 -19"><span class='ocrx_word' id='word_1_38' title='bbox 168 913 224 969; x_wconf 84' lang='lat' dir='ltr'><strong>est</strong></span> <span class='ocrx_word' id='word_1_39' title='bbox 246 930 337 970; x_wconf 92' lang='lat' dir='ltr'><strong>unum</strong></span> <span class='ocrx_word' id='word_1_40' title='bbox 360 911 410 971; x_wconf 92' lang='lat' dir='ltr'><strong>uel</strong></span> <span class='ocrx_word' id='word_1_41' title='bbox 433 912 520 987; x_wconf 88' lang='lat' dir='ltr'><strong>plura</strong></span> <span class='ocrx_word' id='word_1_42' title='bbox 543 913 690 971; x_wconf 87' lang='lat' dir='ltr'><strong>uocabula</strong></span> <span class='ocrx_word' id='word_1_43' title='bbox 713 913 830 986; x_wconf 85' lang='lat' dir='ltr'><strong>omissa,</strong></span> <span class='ocrx_word' id='word_1_44' title='bbox 854 930 954 971; x_wconf 90' lang='lat' dir='ltr'><strong>omnes</strong></span> <span class='ocrx_word' id='word_1_45' title='bbox 978 929 1012 970; x_wconf 88' lang='lat' dir='ltr'><strong>ex</strong></span> <span class='ocrx_word' id='word_1_46' title='bbox 1037 909 1065 970; x_wconf 82' lang='lat' dir='ltr'><em>G</em></span> <span class='ocrx_word' id='word_1_47' title='bbox 1088 915 1119 970; x_wconf 92' lang='lat' dir='ltr'><strong>et</strong></span> <span class='ocrx_word' id='word_1_48' title='bbox 1147 911 1176 970; x_wconf 89' lang='lat' dir='ltr'><strong><em>V</em></strong></span> <span class='ocrx_word' id='word_1_49' title='bbox 1194 911 1324 987; x_wconf 88' lang='lat' dir='ltr'><strong>itemque</strong></span> 
     </span>
     <span class='ocr_line' id='line_1_7' title="bbox 173 999 1325 1076; baseline 0.003 -20"><span class='ocrx_word' id='word_1_50' title='bbox 173 1019 212 1057; x_wconf 85' lang='lat' dir='ltr'><strong>ex</strong></span> <span class='ocrx_word' id='word_1_51' title='bbox 236 999 380 1059; x_wconf 88' lang='lat' dir='ltr'><strong>classibus</strong></span> <span class='ocrx_word' id='word_1_52' title='bbox 404 1001 436 1059; x_wconf 89' lang='lat' dir='ltr'><em>X</em></span> <span class='ocrx_word' id='word_1_53' title='bbox 458 1004 488 1060; x_wconf 88' lang='lat' dir='ltr'><strong>et</strong></span> <span class='ocrx_word' id='word_1_54' title='bbox 512 1004 549 1076; x_wconf 83' lang='lat' dir='ltr'><strong>T,</strong></span> <span class='ocrx_word' id='word_1_55' title='bbox 579 1019 675 1076; x_wconf 91' lang='lat' dir='ltr'><strong>neque</strong></span> <span class='ocrx_word' id='word_1_56' title='bbox 702 1001 801 1059; x_wconf 91' lang='lat' dir='ltr'><strong>minus</strong></span> <span class='ocrx_word' id='word_1_57' title='bbox 823 1001 1034 1060; x_wconf 84' lang='lat' dir='ltr'><strong>traiectionum</strong></span> <span class='ocrx_word' id='word_1_58' title='bbox 1057 1000 1110 1076; x_wconf 92' lang='lat' dir='ltr'><strong>qui</strong></span> <span class='ocrx_word' id='word_1_59' title='bbox 1132 1000 1325 1060; x_wconf 89' lang='lat' dir='ltr'><strong>inueniuntur</strong></span> 
     </span>
     <span class='ocr_line' id='line_1_8' title="bbox 165 1089 1324 1163; baseline 0.002 -16"><span class='ocrx_word' id='word_1_60' title='bbox 165 1107 297 1163; x_wconf 83' lang='lat' dir='ltr'><strong>errores,</strong></span> <span class='ocrx_word' id='word_1_61' title='bbox 321 1109 388 1148; x_wconf 92' lang='lat' dir='ltr'><strong>cum</strong></span> <span class='ocrx_word' id='word_1_62' title='bbox 410 1091 485 1148; x_wconf 85' lang='lat' dir='ltr'><strong>talia</strong></span> <span class='ocrx_word' id='word_1_63' title='bbox 508 1091 635 1148; x_wconf 85' lang='lat' dir='ltr'><strong>maxime</strong></span> <span class='ocrx_word' id='word_1_64' title='bbox 658 1089 767 1148; x_wconf 89' lang='lat' dir='ltr'><strong>idonea</strong></span> <span class='ocrx_word' id='word_1_65' title='bbox 785 1092 846 1148; x_wconf 87' lang='lat' dir='ltr'><strong>sint</strong></span> <span class='ocrx_word' id='word_1_66' title='bbox 863 1089 903 1149; x_wconf 89' lang='lat' dir='ltr'><strong>ad</strong></span> <span class='ocrx_word' id='word_1_67' title='bbox 921 1089 1160 1148; x_wconf 88' lang='lat' dir='ltr'><strong>constituendum</strong></span> <span class='ocrx_word' id='word_1_68' title='bbox 1178 1089 1324 1149; x_wconf 88' lang='lat' dir='ltr'><strong>librorum</strong></span> 
     </span>
     <span class='ocr_line' id='line_1_9' title="bbox 165 1177 1322 1254; baseline 0 -18"><span class='ocrx_word' id='word_1_69' title='bbox 165 1181 301 1236; x_wconf 84' lang='lat' dir='ltr'><strong>stemma</strong></span> <span class='ocrx_word' id='word_1_70' title='bbox 329 1177 596 1254; x_wconf 88' lang='lat' dir='ltr'><strong>adscribendosque</strong></span> <span class='ocrx_word' id='word_1_71' title='bbox 624 1183 721 1238; x_wconf 90' lang='lat' dir='ltr'><strong>certae</strong></span> <span class='ocrx_word' id='word_1_72' title='bbox 749 1179 838 1238; x_wconf 80' lang='lat' dir='ltr'><strong>classi</strong></span> <span class='ocrx_word' id='word_1_73' title='bbox 866 1178 981 1238; x_wconf 90' lang='lat' dir='ltr'><strong>codices</strong></span> <span class='ocrx_word' id='word_1_74' title='bbox 1004 1195 1097 1238; x_wconf 90' lang='lat' dir='ltr'><strong>nouos</strong></span> <span class='ocrx_word' id='word_1_75' title='bbox 1120 1178 1146 1236; x_wconf 91' lang='lat' dir='ltr'><strong>si</strong></span> <span class='ocrx_word' id='word_1_76' title='bbox 1169 1177 1222 1254; x_wconf 90' lang='lat' dir='ltr'><strong>qui</strong></span> <span class='ocrx_word' id='word_1_77' title='bbox 1245 1179 1322 1236; x_wconf 88' lang='lat' dir='ltr'><strong>forte</strong></span> 
     </span>
     <span class='ocr_line' id='line_1_10' title="bbox 169 1265 1322 1345; baseline 0.001 -21"><span class='ocrx_word' id='word_1_78' title='bbox 169 1266 412 1345; x_wconf 85' lang='lat' dir='ltr'><strong>inuestigauerit.</strong></span> <span class='ocrx_word' id='word_1_79' title='bbox 454 1271 557 1328; x_wconf 89' lang='lat' dir='ltr'><strong>contra</strong></span> <span class='ocrx_word' id='word_1_80' title='bbox 580 1267 695 1345; x_wconf 79' lang='lat' dir='ltr'><strong>neglexi</strong></span> <span class='ocrx_word' id='word_1_81' title='bbox 718 1266 780 1326; x_wconf 87' lang='lat' dir='ltr'><strong>fere</strong></span> <span class='ocrx_word' id='word_1_82' title='bbox 803 1268 920 1327; x_wconf 90' lang='lat' dir='ltr'><strong>litteras</strong></span> <span class='ocrx_word' id='word_1_83' title='bbox 943 1267 1109 1345; x_wconf 82' lang='lat' dir='ltr'><strong>singulares</strong></span> <span class='ocrx_word' id='word_1_84' title='bbox 1132 1265 1322 1344; x_wconf 82' lang='lat' dir='ltr'><strong>syllabasque</strong></span> 
     </span>
     <span class='ocr_line' id='line_1_11' title="bbox 167 1354 1323 1434; baseline 0 -20"><span class='ocrx_word' id='word_1_85' title='bbox 167 1355 292 1431; x_wconf 88' lang='lat' dir='ltr'><strong>passim,</strong></span> <span class='ocrx_word' id='word_1_86' title='bbox 315 1359 350 1415; x_wconf 92' lang='lat' dir='ltr'><strong>ut</strong></span> <span class='ocrx_word' id='word_1_87' title='bbox 373 1357 496 1431; x_wconf 90' lang='lat' dir='ltr'><strong>adsolet,</strong></span> <span class='ocrx_word' id='word_1_88' title='bbox 520 1361 656 1415; x_wconf 89' lang='lat' dir='ltr'><strong>currente</strong></span> <span class='ocrx_word' id='word_1_89' title='bbox 680 1356 749 1416; x_wconf 89' lang='lat' dir='ltr'><strong>stilo</strong></span> <span class='ocrx_word' id='word_1_90' title='bbox 780 1359 1005 1434; x_wconf 87' lang='lat' dir='ltr'><strong>praetermissas</strong></span> <span class='ocrx_word' id='word_1_91' title='bbox 1028 1357 1077 1414; x_wconf 94' lang='lat' dir='ltr'><strong>uel</strong></span> <span class='ocrx_word' id='word_1_92' title='bbox 1101 1354 1226 1415; x_wconf 88' lang='lat' dir='ltr'><strong>additas.</strong></span> <span class='ocrx_word' id='word_1_93' title='bbox 1272 1356 1323 1414; x_wconf 90' lang='lat' dir='ltr'><strong>sed</strong></span> 
     </span>
     <span class='ocr_line' id='line_1_12' title="bbox 170 1445 1322 1522; baseline 0.003 -20"><span class='ocrx_word' id='word_1_94' title='bbox 170 1445 282 1503; x_wconf 84' lang='lat' dir='ltr'><strong>talium</strong></span> <span class='ocrx_word' id='word_1_95' title='bbox 310 1465 426 1522; x_wconf 89' lang='lat' dir='ltr'><strong>quoque</strong></span> <span class='ocrx_word' id='word_1_96' title='bbox 454 1448 602 1522; x_wconf 84' lang='lat' dir='ltr'><strong>specimen</strong></span> <span class='ocrx_word' id='word_1_97' title='bbox 627 1477 669 1486; x_wconf 90' lang='lat'><em>—</em></span> <span class='ocrx_word' id='word_1_98' title='bbox 694 1445 773 1520; x_wconf 90' lang='lat' dir='ltr'><strong>quod</strong></span> <span class='ocrx_word' id='word_1_99' title='bbox 796 1445 835 1503; x_wconf 87' lang='lat' dir='ltr'><strong>ad</strong></span> <span class='ocrx_word' id='word_1_100' title='bbox 858 1447 898 1504; x_wconf 83' lang='grc' dir='ltr'><em>Μ</em></span> <span class='ocrx_word' id='word_1_101' title='bbox 918 1445 1028 1504; x_wconf 88' lang='lat' dir='ltr'><strong>attinet</strong></span> <span class='ocrx_word' id='word_1_102' title='bbox 1050 1445 1254 1522; x_wconf 89' lang='lat' dir='ltr'><strong>plenissimum</strong></span> <span class='ocrx_word' id='word_1_103' title='bbox 1278 1477 1322 1486; x_wconf 92' lang='lat'>-</span> 
     </span>
     <span class='ocr_line' id='line_1_13' title="bbox 163 1533 1321 1611; baseline 0.002 -21"><span class='ocrx_word' id='word_1_104' title='bbox 163 1533 303 1592; x_wconf 88' lang='lat' dir='ltr'><strong>dandum</strong></span> <span class='ocrx_word' id='word_1_105' title='bbox 325 1535 442 1611; x_wconf 90' lang='lat' dir='ltr'><strong>putaui,</strong></span> <span class='ocrx_word' id='word_1_106' title='bbox 465 1555 502 1594; x_wconf 90' lang='lat' dir='ltr'><strong>ne</strong></span> <span class='ocrx_word' id='word_1_107' title='bbox 524 1534 598 1611; x_wconf 89' lang='lat' dir='ltr'><strong>quid</strong></span> <span class='ocrx_word' id='word_1_108' title='bbox 620 1534 806 1594; x_wconf 75' lang='lat' dir='ltr'><strong>desideretur</strong></span> <span class='ocrx_word' id='word_1_109' title='bbox 829 1534 909 1610; x_wconf 91' lang='lat' dir='ltr'><strong>quod</strong></span> <span class='ocrx_word' id='word_1_110' title='bbox 932 1535 1065 1594; x_wconf 82' lang='lat' dir='ltr'><strong>conferre</strong></span> <span class='ocrx_word' id='word_1_111' title='bbox 1083 1535 1179 1610; x_wconf 90' lang='lat' dir='ltr'><strong>possit</strong></span> <span class='ocrx_word' id='word_1_112' title='bbox 1197 1533 1236 1592; x_wconf 90' lang='lat' dir='ltr'><strong>ad</strong></span> <span class='ocrx_word' id='word_1_113' title='bbox 1256 1553 1321 1610; x_wconf 89' lang='lat' dir='ltr'><strong>per·</strong></span> 
     </span>
     <span class='ocr_line' id='line_1_14' title="bbox 165 1622 1321 1699; baseline 0 -19"><span class='ocrx_word' id='word_1_114' title='bbox 165 1623 356 1698; x_wconf 88' lang='lat' dir='ltr'><strong>spiciendam</strong></span> <span class='ocrx_word' id='word_1_115' title='bbox 374 1623 652 1699; x_wconf 86' lang='lat' dir='ltr'><strong>inlustrandamque</strong></span> <span class='ocrx_word' id='word_1_116' title='bbox 672 1623 827 1682; x_wconf 88' lang='lat' dir='ltr'><strong>meliorum</strong></span> <span class='ocrx_word' id='word_1_117' title='bbox 842 1623 986 1684; x_wconf 89' lang='lat' dir='ltr'><strong>librorum</strong></span> <span class='ocrx_word' id='word_1_118' title='bbox 1000 1622 1139 1682; x_wconf 87' lang='lat' dir='ltr'><strong>indolem.</strong></span> <span class='ocrx_word' id='word_1_119' title='bbox 1171 1622 1203 1681; x_wconf 94' lang='lat' dir='ltr'><strong>in</strong></span> <span class='ocrx_word' id='word_1_120' title='bbox 1222 1624 1321 1683; x_wconf 88' lang='lat' dir='ltr'><strong>ortho-</strong></span> 
     </span>
     <span class='ocr_line' id='line_1_15' title="bbox 164 1711 1321 1788; baseline 0.003 -20"><span class='ocrx_word' id='word_1_121' title='bbox 164 1711 322 1788; x_wconf 77' lang='lat' dir='ltr'><strong>graphicis</strong></span> <span class='ocrx_word' id='word_1_122' title='bbox 345 1712 572 1787; x_wconf 74' lang='lat' dir='ltr'><strong>irremissum,</strong></span> <span class='ocrx_word' id='word_1_123' title='bbox 600 1715 633 1770; x_wconf 90' lang='lat' dir='ltr'><strong>ut</strong></span> <span class='ocrx_word' id='word_1_124' title='bbox 656 1731 712 1787; x_wconf 90' lang='lat' dir='ltr'><strong>par</strong></span> <span class='ocrx_word' id='word_1_125' title='bbox 734 1717 793 1785; x_wconf 89' lang='lat' dir='ltr'><strong>est,</strong></span> <span class='ocrx_word' id='word_1_126' title='bbox 815 1711 867 1770; x_wconf 91' lang='lat' dir='ltr'><strong>ubi</strong></span> <span class='ocrx_word' id='word_1_127' title='bbox 890 1713 955 1771; x_wconf 90' lang='lat' dir='ltr'><strong>fieri</strong></span> <span class='ocrx_word' id='word_1_128' title='bbox 978 1712 1078 1788; x_wconf 87' lang='lat' dir='ltr'><strong>potuit</strong></span> <span class='ocrx_word' id='word_1_129' title='bbox 1101 1713 1149 1771; x_wconf 93' lang='lat' dir='ltr'><strong>uel</strong></span> <span class='ocrx_word' id='word_1_130' title='bbox 1172 1711 1224 1772; x_wconf 92' lang='lat' dir='ltr'><strong>ubi</strong></span> <span class='ocrx_word' id='word_1_131' title='bbox 1248 1712 1321 1772; x_wconf 90' lang='lat' dir='ltr'><strong>utile</strong></span> 
     </span>
     <span class='ocr_line' id='line_1_16' title="bbox 170 1801 1320 1878; baseline 0.003 -21"><span class='ocrx_word' id='word_1_132' title='bbox 170 1801 270 1858; x_wconf 90' lang='lat' dir='ltr'><strong>uisum</strong></span> <span class='ocrx_word' id='word_1_133' title='bbox 293 1805 346 1876; x_wconf 89' lang='lat' dir='ltr'><strong>est,</strong></span> <span class='ocrx_word' id='word_1_134' title='bbox 369 1806 488 1860; x_wconf 69' lang='lat' dir='ltr'><strong>accidua</strong></span> <span class='ocrx_word' id='word_1_135' title='bbox 512 1820 585 1859; x_wconf 89' lang='lat' dir='ltr'><strong>sum.</strong></span> <span class='ocrx_word' id='word_1_136' title='bbox 631 1820 690 1861; x_wconf 92' lang='lat' dir='ltr'><strong>non</strong></span> <span class='ocrx_word' id='word_1_137' title='bbox 714 1819 810 1877; x_wconf 88' lang='lat' dir='ltr'><strong>pauca</strong></span> <span class='ocrx_word' id='word_1_138' title='bbox 832 1804 982 1878; x_wconf 90' lang='lat' dir='ltr'><strong>reuocaui,</strong></span> <span class='ocrx_word' id='word_1_139' title='bbox 1004 1819 1081 1877; x_wconf 82' lang='lat' dir='ltr'><strong>qnae</strong></span> <span class='ocrx_word' id='word_1_140' title='bbox 1105 1801 1217 1877; x_wconf 84' lang='lat' dir='ltr'><strong>priores</strong></span> <span class='ocrx_word' id='word_1_141' title='bbox 1241 1819 1320 1876; x_wconf 87' lang='lat' dir='ltr'><strong>spre-</strong></span> 
     </span>
     <span class='ocr_line' id='line_1_17' title="bbox 168 1889 1321 1967; baseline 0.002 -19"><span class='ocrx_word' id='word_1_142' title='bbox 168 1893 288 1965; x_wconf 88' lang='lat' dir='ltr'><strong>uerunt,</strong></span> <span class='ocrx_word' id='word_1_143' title='bbox 313 1893 345 1949; x_wconf 92' lang='lat' dir='ltr'><strong>at</strong></span> <span class='ocrx_word' id='word_1_144' title='bbox 367 1910 427 1949; x_wconf 92' lang='lat' dir='ltr'><strong>non</strong></span> <span class='ocrx_word' id='word_1_145' title='bbox 450 1909 517 1950; x_wconf 90' lang='lat' dir='ltr'><strong>raro</strong></span> <span class='ocrx_word' id='word_1_146' title='bbox 540 1891 571 1948; x_wconf 89' lang='lat' dir='ltr'><strong>in</strong></span> <span class='ocrx_word' id='word_1_147' title='bbox 595 1889 790 1950; x_wconf 86' lang='lat' dir='ltr'><strong>deterioribus</strong></span> <span class='ocrx_word' id='word_1_148' title='bbox 814 1889 897 1950; x_wconf 90' lang='lat' dir='ltr'><strong>libris</strong></span> <span class='ocrx_word' id='word_1_149' title='bbox 922 1890 1171 1967; x_wconf 86' lang='lat' dir='ltr'><strong>adquiescendum</strong></span> <span class='ocrx_word' id='word_1_150' title='bbox 1190 1890 1249 1948; x_wconf 87' lang='lat' dir='ltr'><strong>fuit</strong></span> <span class='ocrx_word' id='word_1_151' title='bbox 1268 1893 1321 1950; x_wconf 91' lang='lat' dir='ltr'><strong>aut</strong></span> 
     </span>
     <span class='ocr_line' id='line_1_18' title="bbox 164 1977 1320 2056; baseline -0.001 -18"><span class='ocrx_word' id='word_1_152' title='bbox 164 1977 290 2038; x_wconf 91' lang='lat' dir='ltr'><strong>omnino</strong></span> <span class='ocrx_word' id='word_1_153' title='bbox 321 1979 359 2036; x_wconf 86' lang='lat' dir='ltr'><strong>ab</strong></span> <span class='ocrx_word' id='word_1_154' title='bbox 387 1979 543 2056; x_wconf 85' lang='lat' dir='ltr'><strong>archetypi</strong></span> <span class='ocrx_word' id='word_1_155' title='bbox 570 1981 697 2038; x_wconf 89' lang='lat' dir='ltr'><strong>lectione</strong></span> <span class='ocrx_word' id='word_1_156' title='bbox 724 1978 927 2038; x_wconf 89' lang='lat' dir='ltr'><strong>recedendum.</strong></span> <span class='ocrx_word' id='word_1_157' title='bbox 973 1980 1079 2038; x_wconf 88' lang='lat' dir='ltr'><strong>horum</strong></span> <span class='ocrx_word' id='word_1_158' title='bbox 1106 1997 1223 2055; x_wconf 90' lang='lat' dir='ltr'><strong>quoque</strong></span> <span class='ocrx_word' id='word_1_159' title='bbox 1252 1997 1320 2038; x_wconf 90' lang='lat' dir='ltr'><strong>oon·</strong></span> 
     </span>
     <span class='ocr_line' id='line_1_19' title="bbox 164 2067 1321 2144; baseline 0.001 -19"><span class='ocrx_word' id='word_1_160' title='bbox 164 2071 304 2143; x_wconf 86' lang='lat' dir='ltr'><strong>spectum</strong></span> <span class='ocrx_word' id='word_1_161' title='bbox 336 2069 416 2127; x_wconf 84' lang='lat' dir='ltr'><strong>infre</strong></span> <span class='ocrx_word' id='word_1_162' title='bbox 445 2068 587 2128; x_wconf 81' lang='lat' dir='ltr'><strong>inuenies</strong></span> <span class='ocrx_word' id='word_1_163' title='bbox 632 2068 668 2128; x_wconf 93' lang='lat' dir='ltr'><strong>de</strong></span> <span class='ocrx_word' id='word_1_164' title='bbox 701 2068 915 2144; x_wconf 88' lang='lat' dir='ltr'><strong>expilatoribus</strong></span> <span class='ocrx_word' id='word_1_165' title='bbox 944 2067 1068 2127; x_wconf 87' lang='lat' dir='ltr'><strong>Suetoni</strong></span> <span class='ocrx_word' id='word_1_166' title='bbox 1100 2070 1152 2144; x_wconf 92' lang='lat' dir='ltr'><strong>qui</strong></span> <span class='ocrx_word' id='word_1_167' title='bbox 1182 2067 1321 2126; x_wconf 90' lang='lat' dir='ltr'><strong>dicuntur</strong></span> 
     </span>
     <span class='ocr_line' id='line_1_20' title="bbox 169 2156 1318 2233; baseline 0.001 -19"><span class='ocrx_word' id='word_1_168' title='bbox 169 2157 252 2214; x_wconf 90' lang='lat' dir='ltr'><strong>locus</strong></span> <span class='ocrx_word' id='word_1_169' title='bbox 276 2157 407 2216; x_wconf 89' lang='lat' dir='ltr'><strong>hicnon</strong></span> <span class='ocrx_word' id='word_1_170' title='bbox 431 2160 532 2217; x_wconf 88' lang='lat' dir='ltr'><strong>estut</strong></span> <span class='ocrx_word' id='word_1_171' title='bbox 555 2158 702 2233; x_wconf 87' lang='lat' dir='ltr'><strong>copiosius</strong></span> <span class='ocrx_word' id='word_1_172' title='bbox 726 2157 877 2217; x_wconf 88' lang='lat' dir='ltr'><strong>disseram.</strong></span> <span class='ocrx_word' id='word_1_173' title='bbox 915 2158 1057 2233; x_wconf 92' lang='lat' dir='ltr'><strong>quicum</strong></span> <span class='ocrx_word' id='word_1_174' title='bbox 1081 2156 1216 2216; x_wconf 89' lang='lat' dir='ltr'><strong>omnibus</strong></span> <span class='ocrx_word' id='word_1_175' title='bbox 1235 2156 1318 2216; x_wconf 90' lang='lat' dir='ltr'><strong>libris</strong></span> 
     </span>
     <span class='ocr_line' id='line_1_21' title="bbox 163 2244 1319 2324; baseline 0.003 -23"><span class='ocrx_word' id='word_1_176' title='bbox 163 2244 380 2320; x_wconf 87' lang='lat' dir='ltr'><strong>superstitibus</strong></span> <span class='ocrx_word' id='word_1_177' title='bbox 395 2247 494 2304; x_wconf 90' lang='lat' dir='ltr'><strong>multo</strong></span> <span class='ocrx_word' id='word_1_178' title='bbox 507 2246 567 2305; x_wconf 90' lang='lat' dir='ltr'><strong>sint</strong></span> <span class='ocrx_word' id='word_1_179' title='bbox 576 2247 766 2320; x_wconf 67' lang='lat' dir='ltr'><strong>uetustiores</strong></span> <span class='ocrx_word' id='word_1_180' title='bbox 776 2246 953 2324; x_wconf 87' lang='lat' dir='ltr'><strong>neglegendi</strong></span> <span class='ocrx_word' id='word_1_181' title='bbox 967 2246 1087 2304; x_wconf 90' lang='lat' dir='ltr'><strong>minime</strong></span> <span class='ocrx_word' id='word_1_182' title='bbox 1102 2247 1232 2304; x_wconf 85' lang='lat' dir='ltr'><strong>fuerunt.</strong></span> <span class='ocrx_word' id='word_1_183' title='bbox 1260 2248 1319 2305; x_wconf 86' lang='lat' dir='ltr'><strong>ret·</strong></span> 
     </span>
     <span class='ocr_line' id='line_1_22' title="bbox 166 2334 1319 2412; baseline 0.001 -19"><span class='ocrx_word' id='word_1_184' title='bbox 166 2334 228 2393; x_wconf 90' lang='lat' dir='ltr'><strong>tuli</strong></span> <span class='ocrx_word' id='word_1_185' title='bbox 251 2334 345 2412; x_wconf 79' lang='lat' dir='ltr'><strong>igitur</strong></span> <span class='ocrx_word' id='word_1_186' title='bbox 371 2335 450 2394; x_wconf 88' lang='lat' dir='ltr'><strong>inter</strong></span> <span class='ocrx_word' id='word_1_187' title='bbox 477 2336 649 2396; x_wconf 85' lang='lat' dir='ltr'><strong>testimonia</strong></span> <span class='ocrx_word' id='word_1_188' title='bbox 677 2336 758 2394; x_wconf 92' lang='lat' dir='ltr'><strong>locos</strong></span> <span class='ocrx_word' id='word_1_189' title='bbox 786 2337 965 2410; x_wconf 87' lang='lat' dir='ltr'><strong>scriptorum</strong></span> <span class='ocrx_word' id='word_1_190' title='bbox 987 2335 1153 2408; x_wconf 72' lang='lat' dir='ltr'><strong>nemorum,</strong></span> <span class='ocrx_word' id='word_1_191' title='bbox 1185 2353 1260 2410; x_wconf 93' lang='lat' dir='ltr'><strong>quos</strong></span> <span class='ocrx_word' id='word_1_192' title='bbox 1283 2353 1319 2394; x_wconf 85' lang='lat' dir='ltr'><strong>ex</strong></span> 
     </span>
     <span class='ocr_line' id='line_1_23' title="bbox 163 2417 1318 2503; baseline 0 -22"><span class='ocrx_word' id='word_1_193' title='bbox 163 2423 352 2482; x_wconf 74' lang='lat' dir='ltr'><strong>Suetoniano</strong></span> <span class='ocrx_word' id='word_1_194' title='bbox 374 2427 465 2500; x_wconf 90' lang='lat' dir='ltr'><strong>puteo</strong></span> <span class='ocrx_word' id='word_1_195' title='bbox 488 2424 622 2483; x_wconf 82' lang='lat' dir='ltr'><strong>hausisse</strong></span> <span class='ocrx_word' id='word_1_196' title='bbox 646 2426 695 2483; x_wconf 89' lang='lat' dir='ltr'><strong>uel</strong></span> <span class='ocrx_word' id='word_1_197' title='bbox 718 2427 833 2483; x_wconf 89' lang='lat' dir='ltr'><strong>eertum</strong></span> <span class='ocrx_word' id='word_1_198' title='bbox 856 2425 905 2482; x_wconf 89' lang='lat' dir='ltr'><strong>uel</strong></span> <span class='ocrx_word' id='word_1_199' title='bbox 929 2423 1083 2500; x_wconf 87' lang='lat' dir='ltr'><strong>probabile</strong></span> <span class='ocrx_word' id='word_1_200' title='bbox 1106 2417 1199 2503; x_wconf 85' lang='lat' dir='ltr'><strong>est¹);</strong></span> <span class='ocrx_word' id='word_1_201' title='bbox 1230 2423 1318 2499; x_wconf 85' lang='lat' dir='ltr'><strong>Poly-</strong></span> 
     </span>
     <span class='ocr_line' id='line_1_24' title="bbox 166 2512 1318 2591; baseline 0.002 -21"><span class='ocrx_word' id='word_1_202' title='bbox 166 2531 275 2570; x_wconf 87' lang='lat' dir='ltr'><strong>aenum</strong></span> <span class='ocrx_word' id='word_1_203' title='bbox 300 2513 381 2586; x_wconf 90' lang='lat' dir='ltr'><strong>dico,</strong></span> <span class='ocrx_word' id='word_1_204' title='bbox 404 2517 437 2572; x_wconf 92' lang='lat' dir='ltr'><strong>ut</strong></span> <span class='ocrx_word' id='word_1_205' title='bbox 460 2515 591 2591; x_wconf 90' lang='lat' dir='ltr'><strong>potiores</strong></span> <span class='ocrx_word' id='word_1_206' title='bbox 614 2532 797 2584; x_wconf 88' lang='lat' dir='ltr'><strong>enumerem,</strong></span> <span class='ocrx_word' id='word_1_207' title='bbox 822 2513 1012 2589; x_wconf 82' lang='lat' dir='ltr'><strong>Eutropium,</strong></span> <span class='ocrx_word' id='word_1_208' title='bbox 1036 2513 1194 2571; x_wconf 85' lang='lat' dir='ltr'><strong>Aurelium</strong></span> <span class='ocrx_word' id='word_1_209' title='bbox 1216 2512 1318 2572; x_wconf 86' lang='lat' dir='ltr'><strong>Victo-</strong></span> 
     </span>
     <span class='ocr_line' id='line_1_25' title="bbox 166 2595 1317 2681; baseline 0.001 -23"><span class='ocrx_word' id='word_1_210' title='bbox 166 2621 231 2659; x_wconf 91' lang='lat' dir='ltr'><strong>rem</strong></span> <span class='ocrx_word' id='word_1_211' title='bbox 255 2597 336 2681; x_wconf 79' lang='lat' dir='ltr'><strong>(cum</strong></span> <span class='ocrx_word' id='word_1_212' title='bbox 360 2605 488 2678; x_wconf 88' lang='lat' dir='ltr'><strong>epitome</strong></span> <span class='ocrx_word' id='word_1_213' title='bbox 512 2622 588 2678; x_wconf 88' lang='lat' dir='ltr'><strong>quae</strong></span> <span class='ocrx_word' id='word_1_214' title='bbox 612 2601 675 2662; x_wconf 88' lang='lat' dir='ltr'><strong>eius</strong></span> <span class='ocrx_word' id='word_1_215' title='bbox 698 2601 817 2662; x_wconf 89' lang='lat' dir='ltr'><strong>nomine</strong></span> <span class='ocrx_word' id='word_1_216' title='bbox 842 2595 959 2681; x_wconf 82' lang='lat' dir='ltr'><strong>fertur),</strong></span> <span class='ocrx_word' id='word_1_217' title='bbox 978 2603 1153 2676; x_wconf 86' lang='lat' dir='ltr'><strong>Ausonium,</strong></span> <span class='ocrx_word' id='word_1_218' title='bbox 1172 2601 1317 2662; x_wconf 89' lang='lat' dir='ltr'><strong>Orosium.</strong></span> 
     </span>
     <span class='ocr_line' id='line_1_26' title="bbox 163 2690 1317 2768; baseline 0.002 -20"><span class='ocrx_word' id='word_1_219' title='bbox 163 2692 287 2766; x_wconf 85' lang='lat' dir='ltr'><strong>parcior</strong></span> <span class='ocrx_word' id='word_1_220' title='bbox 319 2691 362 2749; x_wconf 84' lang='lat' dir='ltr'><strong>fui</strong></span> <span class='ocrx_word' id='word_1_221' title='bbox 394 2692 425 2750; x_wconf 89' lang='lat' dir='ltr'><strong>in</strong></span> <span class='ocrx_word' id='word_1_222' title='bbox 457 2690 615 2750; x_wconf 91' lang='lat' dir='ltr'><strong>laudandis</strong></span> <span class='ocrx_word' id='word_1_223' title='bbox 648 2691 842 2767; x_wconf 85' lang='lat' dir='ltr'><strong>scriptoribus</strong></span> <span class='ocrx_word' id='word_1_224' title='bbox 872 2692 1014 2750; x_wconf 85' lang='lat' dir='ltr'><strong>historiae</strong></span> <span class='ocrx_word' id='word_1_225' title='bbox 1042 2693 1211 2768; x_wconf 88' lang='lat' dir='ltr'><strong>Augustae,</strong></span> <span class='ocrx_word' id='word_1_226' title='bbox 1243 2709 1317 2766; x_wconf 90' lang='lat' dir='ltr'><strong>quos</strong></span> 
     </span>
     <span class='ocr_line' id='line_1_27' title="bbox 166 2772 1317 2862; baseline 0.003 -27"><span class='ocrx_word' id='word_1_227' title='bbox 166 2779 334 2839; x_wconf 87' lang='lat' dir='ltr'><strong>imitatores</strong></span> <span class='ocrx_word' id='word_1_228' title='bbox 367 2781 467 2856; x_wconf 90' lang='lat' dir='ltr'><strong>potius</strong></span> <span class='ocrx_word' id='word_1_229' title='bbox 499 2781 616 2840; x_wconf 84' lang='lat' dir='ltr'><strong>dixeris.</strong></span> <span class='ocrx_word' id='word_1_230' title='bbox 624 2772 649 2862; x_wconf 77' lang='lat'><strong>²)</strong></span> <span class='ocrx_word' id='word_1_231' title='bbox 696 2780 731 2839; x_wconf 90' lang='lat' dir='ltr'><strong>de</strong></span> <span class='ocrx_word' id='word_1_232' title='bbox 764 2781 810 2838; x_wconf 90' lang='lat' dir='ltr'><strong>his</strong></span> <span class='ocrx_word' id='word_1_233' title='bbox 842 2781 982 2856; x_wconf 89' lang='lat' dir='ltr'><strong>aliisque,</strong></span> <span class='ocrx_word' id='word_1_234' title='bbox 1009 2781 1094 2839; x_wconf 90' lang='lat' dir='ltr'><strong>uelut</strong></span> <span class='ocrx_word' id='word_1_235' title='bbox 1122 2780 1157 2839; x_wconf 92' lang='lat' dir='ltr'><strong>de</strong></span> <span class='ocrx_word' id='word_1_236' title='bbox 1184 2779 1317 2839; x_wconf 88' lang='lat' dir='ltr'><strong>fontibus</strong></span> 
     </span>
     <span class='ocr_line' id='line_1_28' title="bbox 162 2867 1317 2946; baseline 0 -20"><span class='ocrx_word' id='word_1_237' title='bbox 162 2867 301 2942; x_wconf 77' lang='lat' dir='ltr'><strong>Suetoni,</strong></span> <span class='ocrx_word' id='word_1_238' title='bbox 324 2869 360 2926; x_wconf 90' lang='lat' dir='ltr'><strong>de</strong></span> <span class='ocrx_word' id='word_1_239' title='bbox 383 2871 507 2942; x_wconf 88' lang='lat' dir='ltr'><strong>ratione,</strong></span> <span class='ocrx_word' id='word_1_240' title='bbox 534 2889 609 2946; x_wconf 85' lang='lat' dir='ltr'><strong>quae</strong></span> <span class='ocrx_word' id='word_1_241' title='bbox 632 2871 712 2928; x_wconf 91' lang='lat' dir='ltr'><strong>inter</strong></span> <span class='ocrx_word' id='word_1_242' title='bbox 735 2888 802 2928; x_wconf 92' lang='lat' dir='ltr'><strong>eum</strong></span> <span class='ocrx_word' id='word_1_243' title='bbox 826 2873 856 2928; x_wconf 92' lang='lat' dir='ltr'><strong>et</strong></span> <span class='ocrx_word' id='word_1_244' title='bbox 879 2870 1016 2928; x_wconf 88' lang='lat' dir='ltr'><strong>Tacitum</strong></span> <span class='ocrx_word' id='word_1_245' title='bbox 1038 2869 1217 2943; x_wconf 87' lang='lat' dir='ltr'><strong>intercedet,</strong></span> <span class='ocrx_word' id='word_1_246' title='bbox 1250 2869 1317 2944; x_wconf 91' lang='lat' dir='ltr'><strong>plus</strong></span> 
     </span>
     <span class='ocr_line' id='line_1_29' title="bbox 161 2957 1316 3018; baseline 0.001 -2"><span class='ocrx_word' id='word_1_247' title='bbox 161 2957 261 3016; x_wconf 78' lang='lat' dir='ltr'><strong>semel</strong></span> <span class='ocrx_word' id='word_1_248' title='bbox 283 2959 315 3016; x_wconf 90' lang='lat' dir='ltr'><strong>in</strong></span> <span class='ocrx_word' id='word_1_249' title='bbox 339 2960 552 3018; x_wconf 90' lang='lat' dir='ltr'><strong>commentario</strong></span> <span class='ocrx_word' id='word_1_250' title='bbox 575 2977 671 3018; x_wconf 90' lang='lat' dir='ltr'><strong>sermo</strong></span> <span class='ocrx_word' id='word_1_251' title='bbox 695 2959 847 3018; x_wconf 88' lang='lat' dir='ltr'><strong>inferetur.</strong></span> <span class='ocrx_word' id='word_1_252' title='bbox 884 2958 975 3017; x_wconf 88' lang='lat' dir='ltr'><strong>attuli</strong></span> <span class='ocrx_word' id='word_1_253' title='bbox 998 2963 1100 3017; x_wconf 86' lang='lat' dir='ltr'><strong>tamen</strong></span> <span class='ocrx_word' id='word_1_254' title='bbox 1122 2961 1182 3016; x_wconf 90' lang='lat' dir='ltr'><strong>iam</strong></span> <span class='ocrx_word' id='word_1_255' title='bbox 1205 2958 1237 3015; x_wconf 93' lang='lat' dir='ltr'><strong>in</strong></span> <span class='ocrx_word' id='word_1_256' title='bbox 1260 2958 1316 3017; x_wconf 89' lang='lat' dir='ltr'><strong>hoc</strong></span> 
     </span>
     <span class='ocr_line' id='line_1_30' title="bbox 162 3047 1316 3123; baseline 0.003 -21"><span class='ocrx_word' id='word_1_257' title='bbox 162 3047 320 3105; x_wconf 84' lang='lat' dir='ltr'><strong>uolumine</strong></span> <span class='ocrx_word' id='word_1_258' title='bbox 348 3066 424 3123; x_wconf 89' lang='lat' dir='ltr'><strong>quae</strong></span> <span class='ocrx_word' id='word_1_259' title='bbox 452 3048 618 3107; x_wconf 89' lang='lat' dir='ltr'><strong>necessarie</strong></span> <span class='ocrx_word' id='word_1_260' title='bbox 641 3049 692 3106; x_wconf 88' lang='lat' dir='ltr'><strong>uel</strong></span> <span class='ocrx_word' id='word_1_261' title='bbox 721 3048 1000 3123; x_wconf 85' lang='lat' dir='ltr'><strong>impraesentiarum</strong></span> <span class='ocrx_word' id='word_1_262' title='bbox 1027 3047 1115 3106; x_wconf 89' lang='lat' dir='ltr'><strong>utilia</strong></span> <span class='ocrx_word' id='word_1_263' title='bbox 1145 3047 1211 3106; x_wconf 90' lang='lat' dir='ltr'><strong>uisa</strong></span> <span class='ocrx_word' id='word_1_264' title='bbox 1239 3051 1316 3105; x_wconf 90' lang='lat' dir='ltr'><strong>sunt.</strong></span> 
     </span>
    </p>

    <p class='ocr_par' dir='ltr' id='par_1_3' title="bbox 159 3134 1317 3928">
     <span class='ocr_line' id='line_1_31' title="bbox 257 3134 1317 3214; baseline 0.001 -21"><span class='ocrx_word' id='word_1_265' title='bbox 257 3134 423 3212; x_wconf 73' lang='lat' dir='ltr'><strong>Conspectu</strong></span> <span class='ocrx_word' id='word_1_266' title='bbox 454 3137 641 3209; x_wconf 89' lang='lat' dir='ltr'><strong>mendorum,</strong></span> <span class='ocrx_word' id='word_1_267' title='bbox 673 3157 761 3214; x_wconf 91' lang='lat' dir='ltr'><strong>quem</strong></span> <span class='ocrx_word' id='word_1_268' title='bbox 794 3137 947 3210; x_wconf 89' lang='lat' dir='ltr'><strong>subiunxi,</strong></span> <span class='ocrx_word' id='word_1_269' title='bbox 979 3139 1097 3195; x_wconf 85' lang='lat' dir='ltr'><strong>cautius</strong></span> <span class='ocrx_word' id='word_1_270' title='bbox 1125 3139 1159 3194; x_wconf 89' lang='lat' dir='ltr'><strong>ut</strong></span> <span class='ocrx_word' id='word_1_271' title='bbox 1191 3138 1317 3194; x_wconf 87' lang='lat' dir='ltr'><strong>utantur</strong></span> 
     </span>
     <span class='ocr_line' id='line_1_32' title="bbox 166 3225 1316 3303; baseline 0 -21"><span class='ocrx_word' id='word_1_272' title='bbox 166 3225 293 3284; x_wconf 91' lang='lat' dir='ltr'><strong>lectores</strong></span> <span class='ocrx_word' id='word_1_273' title='bbox 316 3226 367 3283; x_wconf 85' lang='lat' dir='ltr'><strong>uix</strong></span> <span class='ocrx_word' id='word_1_274' title='bbox 391 3227 436 3284; x_wconf 91' lang='lat' dir='ltr'><strong>est</strong></span> <span class='ocrx_word' id='word_1_275' title='bbox 454 3243 507 3284; x_wconf 89' lang='lat' dir='ltr'><strong>cur</strong></span> <span class='ocrx_word' id='word_1_276' title='bbox 526 3243 670 3285; x_wconf 89' lang='lat' dir='ltr'><strong>moneam.</strong></span> <span class='ocrx_word' id='word_1_277' title='bbox 702 3226 782 3285; x_wconf 86' lang='lat' dir='ltr'><strong>uarii</strong></span> <span class='ocrx_word' id='word_1_278' title='bbox 800 3226 878 3285; x_wconf 92' lang='lat' dir='ltr'><strong>enim</strong></span> <span class='ocrx_word' id='word_1_279' title='bbox 898 3226 1014 3303; x_wconf 89' lang='lat' dir='ltr'><strong>generis</strong></span> <span class='ocrx_word' id='word_1_280' title='bbox 1033 3231 1104 3284; x_wconf 91' lang='lat' dir='ltr'><strong>sunt</strong></span> <span class='ocrx_word' id='word_1_281' title='bbox 1122 3225 1316 3299; x_wconf 81' lang='lat' dir='ltr'><strong>corruptelae,</strong></span> 
     </span>
     <span class='ocr_line' id='line_1_33' title="bbox 160 3313 1315 3392; baseline 0 -22"><span class='ocrx_word' id='word_1_282' title='bbox 160 3333 262 3388; x_wconf 92' lang='lat' dir='ltr'><strong>neque</strong></span> <span class='ocrx_word' id='word_1_283' title='bbox 285 3333 404 3390; x_wconf 87' lang='lat' dir='ltr'><strong>paucas,</strong></span> <span class='ocrx_word' id='word_1_284' title='bbox 428 3333 505 3390; x_wconf 87' lang='lat' dir='ltr'><strong>quae</strong></span> <span class='ocrx_word' id='word_1_285' title='bbox 529 3314 597 3372; x_wconf 86' lang='lat' dir='ltr'><strong>aliis</strong></span> <span class='ocrx_word' id='word_1_286' title='bbox 622 3334 656 3371; x_wconf 88' lang='lat' dir='ltr'><strong>ex</strong></span> <span class='ocrx_word' id='word_1_287' title='bbox 685 3315 793 3374; x_wconf 87' lang='lat' dir='ltr'><strong>litteris</strong></span> <span class='ocrx_word' id='word_1_288' title='bbox 816 3334 971 3392; x_wconf 89' lang='lat' dir='ltr'><strong>perperam</strong></span> <span class='ocrx_word' id='word_1_289' title='bbox 996 3315 1081 3374; x_wconf 88' lang='lat' dir='ltr'><strong>lectis</strong></span> <span class='ocrx_word' id='word_1_290' title='bbox 1104 3317 1210 3374; x_wconf 87' lang='lat' dir='ltr'><strong>enatae</strong></span> <span class='ocrx_word' id='word_1_291' title='bbox 1233 3313 1315 3371; x_wconf 90' lang='lat' dir='ltr'><strong>uide-</strong></span> 
     </span>
     <span class='ocr_line' id='line_1_34' title="bbox 162 3389 1315 3480; baseline 0 -20"><span class='ocrx_word' id='word_1_292' title='bbox 162 3402 288 3478; x_wconf 88' lang='lat' dir='ltr'><strong>buntur,</strong></span> <span class='ocrx_word' id='word_1_293' title='bbox 311 3403 363 3462; x_wconf 91' lang='lat' dir='ltr'><strong>alii</strong></span> <span class='ocrx_word' id='word_1_294' title='bbox 387 3422 422 3462; x_wconf 84' lang='lat' dir='ltr'><strong>ex</strong></span> <span class='ocrx_word' id='word_1_295' title='bbox 444 3403 688 3478; x_wconf 77' lang='lat' dir='ltr'><strong>pronuntiatione</strong></span> <span class='ocrx_word' id='word_1_296' title='bbox 712 3405 830 3480; x_wconf 84' lang='lat' dir='ltr'><strong>uulgari</strong></span> <span class='ocrx_word' id='word_1_297' title='bbox 853 3389 1000 3480; x_wconf 84' lang='lat' dir='ltr'><strong>explicare</strong></span> <span class='ocrx_word' id='word_1_298' title='bbox 1021 3404 1142 3476; x_wconf 90' lang='lat' dir='ltr'><strong>malent,</strong></span> <span class='ocrx_word' id='word_1_299' title='bbox 1165 3403 1219 3460; x_wconf 89' lang='lat' dir='ltr'><strong>alii</strong></span> <span class='ocrx_word' id='word_1_300' title='bbox 1238 3420 1315 3460; x_wconf 91' lang='lat' dir='ltr'><strong>com-</strong></span> 
     </span>
     <span class='ocr_line' id='line_1_35' title="bbox 161 3491 1314 3571; baseline -0.001 -22"><span class='ocrx_word' id='word_1_301' title='bbox 161 3510 271 3550; x_wconf 89' lang='lat' dir='ltr'><strong>munes</strong></span> <span class='ocrx_word' id='word_1_302' title='bbox 294 3493 441 3568; x_wconf 82' lang='lat' dir='ltr'><strong>tritosque</strong></span> <span class='ocrx_word' id='word_1_303' title='bbox 465 3511 577 3551; x_wconf 87' lang='lat' dir='ltr'><strong>errores</strong></span> <span class='ocrx_word' id='word_1_304' title='bbox 601 3493 765 3550; x_wconf 88' lang='lat' dir='ltr'><strong>scribarum</strong></span> <span class='ocrx_word' id='word_1_305' title='bbox 786 3493 976 3571; x_wconf 90' lang='lat' dir='ltr'><strong>neglegentia</strong></span> <span class='ocrx_word' id='word_1_306' title='bbox 995 3495 1075 3551; x_wconf 83' lang='lat' dir='ltr'><strong>ortos</strong></span> <span class='ocrx_word' id='word_1_307' title='bbox 1094 3491 1314 3550; x_wconf 81' lang='lat' dir='ltr'><strong>existimabunt.</strong></span> 
     </span>
     <span class='ocr_line' id='line_1_36' title="bbox 166 3579 1315 3660; baseline 0.001 -22"><span class='ocrx_word' id='word_1_308' title='bbox 166 3599 259 3656; x_wconf 85' lang='lat' dir='ltr'><strong>quare</strong></span> <span class='ocrx_word' id='word_1_309' title='bbox 287 3581 422 3640; x_wconf 88' lang='lat' dir='ltr'><strong>consulto</strong></span> <span class='ocrx_word' id='word_1_310' title='bbox 450 3581 586 3658; x_wconf 88' lang='lat' dir='ltr'><strong>legitime</strong></span> <span class='ocrx_word' id='word_1_311' title='bbox 614 3581 840 3640; x_wconf 90' lang='lat' dir='ltr'><strong>consonantium</strong></span> <span class='ocrx_word' id='word_1_312' title='bbox 862 3581 1036 3660; x_wconf 87' lang='lat' dir='ltr'><strong>digestione,</strong></span> <span class='ocrx_word' id='word_1_313' title='bbox 1062 3600 1152 3656; x_wconf 92' lang='lat' dir='ltr'><strong>quam</strong></span> <span class='ocrx_word' id='word_1_314' title='bbox 1176 3600 1228 3640; x_wconf 89' lang='lat' dir='ltr'><strong>suo</strong></span> <span class='ocrx_word' id='word_1_315' title='bbox 1251 3579 1315 3639; x_wconf 89' lang='lat' dir='ltr'><strong>iure</strong></span> 
     </span>
     <span class='ocr_line' id='line_1_37' title="bbox 159 3669 1314 3748; baseline -0.003 -20"><span class='ocrx_word' id='word_1_316' title='bbox 159 3669 240 3729; x_wconf 85' lang='lat' dir='ltr'><strong>artis</strong></span> <span class='ocrx_word' id='word_1_317' title='bbox 258 3671 472 3748; x_wconf 88' lang='lat' dir='ltr'><strong>grammaticae</strong></span> <span class='ocrx_word' id='word_1_318' title='bbox 490 3670 610 3745; x_wconf 90' lang='lat' dir='ltr'><strong>patroni</strong></span> <span class='ocrx_word' id='word_1_319' title='bbox 627 3670 831 3747; x_wconf 89' lang='lat' dir='ltr'><strong>postulabunt,</strong></span> <span class='ocrx_word' id='word_1_320' title='bbox 855 3671 993 3730; x_wconf 88' lang='lat' dir='ltr'><strong>abstinui.</strong></span> <span class='ocrx_word' id='word_1_321' title='bbox 1033 3672 1065 3727; x_wconf 91' lang='lat' dir='ltr'><strong>in</strong></span> <span class='ocrx_word' id='word_1_322' title='bbox 1088 3669 1314 3747; x_wconf 87' lang='lat' dir='ltr'><strong>palaeographi-</strong></span> 
     </span>
     <span class='ocr_line' id='line_1_38' title="bbox 167 3759 1314 3838; baseline -0.001 -22"><span class='ocrx_word' id='word_1_323' title='bbox 167 3759 209 3816; x_wconf 90' lang='lat' dir='ltr'><strong>cis</strong></span> <span class='ocrx_word' id='word_1_324' title='bbox 233 3777 309 3834; x_wconf 86' lang='lat' dir='ltr'><strong>quae</strong></span> <span class='ocrx_word' id='word_1_325' title='bbox 333 3761 432 3817; x_wconf 87' lang='lat' dir='ltr'><strong>erratu</strong></span> <span class='ocrx_word' id='word_1_326' title='bbox 462 3763 545 3834; x_wconf 91' lang='lat' dir='ltr'><strong>sunt,</strong></span> <span class='ocrx_word' id='word_1_327' title='bbox 577 3761 702 3835; x_wconf 83' lang='lat' dir='ltr'><strong>partim,</strong></span> <span class='ocrx_word' id='word_1_328' title='bbox 729 3760 849 3817; x_wconf 90' lang='lat' dir='ltr'><strong>utiam</strong></span> <span class='ocrx_word' id='word_1_329' title='bbox 876 3760 1056 3838; x_wconf 88' lang='lat' dir='ltr'><strong>significaui,</strong></span> <span class='ocrx_word' id='word_1_330' title='bbox 1085 3777 1119 3816; x_wconf 90' lang='lat' dir='ltr'><strong>ex</strong></span> <span class='ocrx_word' id='word_1_331' title='bbox 1142 3759 1314 3817; x_wconf 88' lang='lat' dir='ltr'><strong>litteratura</strong></span> 
     </span>
     <span class='ocr_line' id='line_1_39' title="bbox 166 3840 1314 3928; baseline 0.001 -24"><span class='ocrx_word' id='word_1_332' title='bbox 166 3847 290 3922; x_wconf 88' lang='lat' dir='ltr'><strong>capitali</strong></span> <span class='ocrx_word' id='word_1_333' title='bbox 314 3840 542 3928; x_wconf 66' lang='lat' dir='ltr'><strong>explicantur3),</strong></span> <span class='ocrx_word' id='word_1_334' title='bbox 566 3849 677 3923; x_wconf 77' lang='lat' dir='ltr'><strong>purtim</strong></span> <span class='ocrx_word' id='word_1_335' title='bbox 701 3868 771 3908; x_wconf 88' lang='lat' dir='ltr'><strong>uero</strong></span> <span class='ocrx_word' id='word_1_336' title='bbox 796 3867 831 3908; x_wconf 86' lang='lat' dir='ltr'><strong>ex</strong></span> <span class='ocrx_word' id='word_1_337' title='bbox 853 3849 1018 3907; x_wconf 87' lang='lat' dir='ltr'><strong>minuscule</strong></span> <span class='ocrx_word' id='word_1_338' title='bbox 1042 3867 1137 3923; x_wconf 91' lang='lat' dir='ltr'><strong>neque</strong></span> <span class='ocrx_word' id='word_1_339' title='bbox 1159 3867 1228 3906; x_wconf 88' lang='lat' dir='ltr'><strong>raro</strong></span> <span class='ocrx_word' id='word_1_340' title='bbox 1249 3847 1314 3921; x_wconf 85' lang='lat' dir='ltr'><strong>teli,</strong></span> 
     </span>
    </p>
   </div>
   <div class='ocr_carea' id='block_1_3' title="bbox 159 4105 1312 4605">
    <p class='ocr_par' dir='ltr' id='par_1_4' title="bbox 159 4105 1312 4605">
     <span class='ocr_line' id='line_1_40' title="bbox 256 4105 1312 4175; baseline 0 -16"><span class='ocrx_word' id='word_1_341' title='bbox 256 4109 281 4174; x_wconf 84' lang='lat'><strong>1)</strong></span> <span class='ocrx_word' id='word_1_342' title='bbox 300 4105 375 4159; x_wconf 90' lang='lat' dir='ltr'><strong>Roth</strong></span> <span class='ocrx_word' id='word_1_343' title='bbox 389 4107 478 4175; x_wconf 82' lang='lat' dir='ltr'><strong>prael.</strong></span> <span class='ocrx_word' id='word_1_344' title='bbox 492 4124 519 4175; x_wconf 91' lang='lat' dir='ltr'><strong>p.</strong></span> <span class='ocrx_word' id='word_1_345' title='bbox 536 4107 600 4160; x_wconf 73' lang='lat' dir='ltr'><strong>xvi</strong></span> <span class='ocrx_word' id='word_1_346' title='bbox 610 4125 650 4175; x_wconf 92' lang='lat' dir='ltr'><strong>sq.</strong></span> <span class='ocrx_word' id='word_1_347' title='bbox 669 4107 796 4174; x_wconf 87' lang='lat' dir='ltr'><strong>XXXlV;</strong></span> <span class='ocrx_word' id='word_1_348' title='bbox 817 4109 852 4162; x_wconf 92' lang='lat' dir='ltr'><strong>de</strong></span> <span class='ocrx_word' id='word_1_349' title='bbox 867 4107 954 4161; x_wconf 89' lang='lat' dir='ltr'><strong>Dione</strong></span> <span class='ocrx_word' id='word_1_350' title='bbox 969 4107 1012 4161; x_wconf 91' lang='lat' dir='ltr'><strong>illi</strong></span> <span class='ocrx_word' id='word_1_351' title='bbox 1031 4107 1147 4161; x_wconf 90' lang='lat' dir='ltr'><strong>minime</strong></span> <span class='ocrx_word' id='word_1_352' title='bbox 1162 4107 1312 4160; x_wconf 90' lang='lat' dir='ltr'><strong>adsentior.</strong></span> 
     </span>
     <span class='ocr_line' id='line_1_41' title="bbox 160 4176 636 4247; baseline 0.004 -18"><span class='ocrx_word' id='word_1_353' title='bbox 160 4176 200 4230; x_wconf 89' lang='lat' dir='ltr'><strong>de</strong></span> <span class='ocrx_word' id='word_1_354' title='bbox 219 4176 362 4231; x_wconf 79' lang='lat' dir='ltr'><strong>Einhardo</strong></span> <span class='ocrx_word' id='word_1_355' title='bbox 381 4195 408 4231; x_wconf 89' lang='lat' dir='ltr'><strong>u.</strong></span> <span class='ocrx_word' id='word_1_356' title='bbox 423 4196 508 4247; x_wconf 85' lang='lat' dir='ltr'><strong>supra</strong></span> <span class='ocrx_word' id='word_1_357' title='bbox 526 4196 553 4247; x_wconf 94' lang='lat' dir='ltr'><strong>p.</strong></span> <span class='ocrx_word' id='word_1_358' title='bbox 564 4178 636 4231; x_wconf 85' lang='lat' dir='ltr'><strong>Vlll.</strong></span> 
     </span>
     <span class='ocr_line' id='line_1_42' title="bbox 255 4248 1312 4318; baseline -0.001 -16"><span class='ocrx_word' id='word_1_359' title='bbox 255 4252 281 4315; x_wconf 77' lang='lat'><strong>2)</strong></span> <span class='ocrx_word' id='word_1_360' title='bbox 297 4248 337 4304; x_wconf 84' lang='lat' dir='ltr'><strong>cf.</strong></span> <span class='ocrx_word' id='word_1_361' title='bbox 348 4249 460 4304; x_wconf 88' lang='lat' dir='ltr'><strong>interim</strong></span> <span class='ocrx_word' id='word_1_362' title='bbox 470 4249 607 4317; x_wconf 81' lang='lat' dir='ltr'><strong>Wdlfflin,</strong></span> <span class='ocrx_word' id='word_1_363' title='bbox 618 4250 759 4304; x_wconf 73' lang='lat' dir='ltr'><strong>Sita-Ber.</strong></span> <span class='ocrx_word' id='word_1_364' title='bbox 776 4252 825 4304; x_wconf 88' lang='lat' dir='ltr'><strong>der</strong></span> <span class='ocrx_word' id='word_1_365' title='bbox 834 4250 862 4304; x_wconf 84' lang='lat' dir='ltr'><strong>k.</strong></span> <span class='ocrx_word' id='word_1_366' title='bbox 872 4251 966 4318; x_wconf 86' lang='lat' dir='ltr'><strong>bayer.</strong></span> <span class='ocrx_word' id='word_1_367' title='bbox 977 4249 1066 4304; x_wconf 84' lang='lat' dir='ltr'><strong>Akad.</strong></span> <span class='ocrx_word' id='word_1_368' title='bbox 1078 4256 1144 4303; x_wconf 88' lang='grc'><strong>1891</strong></span> <span class='ocrx_word' id='word_1_369' title='bbox 1156 4268 1183 4318; x_wconf 92' lang='lat' dir='ltr'><strong>p.</strong></span> <span class='ocrx_word' id='word_1_370' title='bbox 1195 4255 1245 4302; x_wconf 78' lang='lat'><strong>465</strong></span> <span class='ocrx_word' id='word_1_371' title='bbox 1252 4267 1312 4317; x_wconf 90' lang='lat' dir='ltr'><strong>sqq.</strong></span> 
     </span>
     <span class='ocr_line' id='line_1_43' title="bbox 161 4318 1311 4444; baseline 0.001 -72"><span class='ocrx_word' id='word_1_372' title='bbox 161 4318 196 4444; x_wconf 51' lang='grc' dir='ltr'><strong>Ξ.</strong></span> <span class='ocrx_word' id='word_1_373' title='bbox 212 4319 311 4388; x_wconf 87' lang='lat' dir='ltr'><strong>Klebs,</strong></span> <span class='ocrx_word' id='word_1_374' title='bbox 336 4320 436 4375; x_wconf 89' lang='lat' dir='ltr'><strong>Rhein.</strong></span> <span class='ocrx_word' id='word_1_375' title='bbox 451 4321 522 4375; x_wconf 89' lang='lat' dir='ltr'><strong>Mus.</strong></span> <span class='ocrx_word' id='word_1_376' title='bbox 540 4327 573 4375; x_wconf 81' lang='lat'><strong>47</strong></span> <span class='ocrx_word' id='word_1_377' title='bbox 594 4325 684 4390; x_wconf 79' lang='lat'>(1902)</span> <span class='ocrx_word' id='word_1_378' title='bbox 708 4341 735 4392; x_wconf 90' lang='lat' dir='ltr'><strong>p.</strong></span> <span class='ocrx_word' id='word_1_379' title='bbox 756 4328 788 4374; x_wconf 73' lang='lat'><strong>‘26</strong></span> <span class='ocrx_word' id='word_1_380' title='bbox 800 4340 860 4390; x_wconf 89' lang='lat' dir='ltr'><strong>sqq.</strong></span> <span class='ocrx_word' id='word_1_381' title='bbox 893 4322 926 4376; x_wconf 88' lang='lat' dir='ltr'><strong>H.</strong></span> <span class='ocrx_word' id='word_1_382' title='bbox 941 4323 1035 4390; x_wconf 87' lang='lat' dir='ltr'><strong>Peter,</strong></span> <span class='ocrx_word' id='word_1_383' title='bbox 1060 4323 1113 4376; x_wconf 87' lang='lat' dir='ltr'><strong>Die</strong></span> <span class='ocrx_word' id='word_1_384' title='bbox 1137 4321 1232 4389; x_wconf 86' lang='lat' dir='ltr'><strong>script.</strong></span> <span class='ocrx_word' id='word_1_385' title='bbox 1247 4320 1311 4373; x_wconf 91' lang='lat' dir='ltr'><strong>hist.</strong></span> 
     </span>
     <span class='ocr_line' id='line_1_44' title="bbox 190 4397 413 4446; baseline 0.009 -2"><span class='ocrx_word' id='word_1_386' title='bbox 190 4407 236 4444; x_wconf 88' lang='lat' dir='ltr'><strong>u.</strong></span> <span class='ocrx_word' id='word_1_387' title='bbox 273 4397 366 4446; x_wconf 75' lang='lat' dir='ltr'><strong>.102s</strong></span> <span class='ocrx_word' id='word_1_388' title='bbox 408 4435 413 4446; x_wconf 95' lang='lat'><strong>.</strong></span> 
     </span>
     <span class='ocr_line' id='line_1_45' title="bbox 210 4409 1312 4534; baseline -0.002 -18"><span class='ocrx_word' id='word_1_389' title='bbox 210 4410 230 4460; x_wconf 68' lang='lat' dir='ltr'>g</span> <span class='ocrx_word' id='word_1_390' title='bbox 252 4409 280 4532; x_wconf 71' lang='lat' dir='ltr'><strong>Id)</strong></span> <span class='ocrx_word' id='word_1_391' title='bbox 299 4462 333 4517; x_wconf 90' lang='lat' dir='ltr'><strong>V.</strong></span> <span class='ocrx_word' id='word_1_392' title='bbox 348 4411 422 4518; x_wconf 67' lang='lat' dir='ltr'><strong>idda</strong></span> <span class='ocrx_word' id='word_1_393' title='bbox 441 4466 613 4532; x_wconf 87' lang='lat' dir='ltr'><strong>permutatas</strong></span> <span class='ocrx_word' id='word_1_394' title='bbox 634 4468 693 4532; x_wconf 69' lang='lat' dir='ltr'><strong>lue,</strong></span> <span class='ocrx_word' id='word_1_395' title='bbox 716 4482 779 4534; x_wconf 74' lang='lat' dir='ltr'><strong>etp,</strong></span> <span class='ocrx_word' id='word_1_396' title='bbox 797 4467 852 4532; x_wconf 66' lang='lat' dir='ltr'><strong>fii,</strong></span> <span class='ocrx_word' id='word_1_397' title='bbox 875 4466 915 4519; x_wconf 82' lang='lat' dir='ltr'><strong>i:l</strong></span> <span class='ocrx_word' id='word_1_398' title='bbox 934 4466 969 4518; x_wconf 87' lang='lat' dir='ltr'><strong>al.</strong></span> <span class='ocrx_word' id='word_1_399' title='bbox 1007 4465 1041 4518; x_wconf 88' lang='lat' dir='ltr'><strong>cf.</strong></span> <span class='ocrx_word' id='word_1_400' title='bbox 1066 4481 1170 4518; x_wconf 89' lang='lat' dir='ltr'><strong>errores</strong></span> <span class='ocrx_word' id='word_1_401' title='bbox 1188 4463 1312 4530; x_wconf 86' lang='lat' dir='ltr'><strong>fabriles,</strong></span> 
     </span>
     <span class='ocr_line' id='line_1_46' title="bbox 159 4535 1311 4605; baseline 0 -19"><span class='ocrx_word' id='word_1_402' title='bbox 159 4550 235 4601; x_wconf 83' lang='lat' dir='ltr'><strong>quos</strong></span> <span class='ocrx_word' id='word_1_403' title='bbox 249 4553 264 4588; x_wconf 92' lang='lat' dir='ltr'><strong>e</strong></span> <span class='ocrx_word' id='word_1_404' title='bbox 278 4535 371 4588; x_wconf 87' lang='lat' dir='ltr'><strong>titulis</strong></span> <span class='ocrx_word' id='word_1_405' title='bbox 385 4535 500 4605; x_wconf 82' lang='lat' dir='ltr'><strong>collegit</strong></span> <span class='ocrx_word' id='word_1_406' title='bbox 513 4535 699 4604; x_wconf 82' lang='lat' dir='ltr'><strong>Engelbertus</strong></span> <span class='ocrx_word' id='word_1_407' title='bbox 710 4535 870 4604; x_wconf 81' lang='lat' dir='ltr'><strong>Schneider,</strong></span> <span class='ocrx_word' id='word_1_408' title='bbox 885 4537 957 4590; x_wconf 89' lang='lat' dir='ltr'><strong>Dial.</strong></span> <span class='ocrx_word' id='word_1_409' title='bbox 967 4536 1028 4590; x_wconf 87' lang='lat' dir='ltr'><strong>Ital.</strong></span> <span class='ocrx_word' id='word_1_410' title='bbox 1044 4553 1086 4590; x_wconf 87' lang='lat' dir='ltr'><strong>ex.</strong></span> <span class='ocrx_word' id='word_1_411' title='bbox 1097 4535 1144 4590; x_wconf 90' lang='lat' dir='ltr'><strong>sel.</strong></span> <span class='ocrx_word' id='word_1_412' title='bbox 1155 4553 1182 4605; x_wconf 89' lang='lat' dir='ltr'><strong>p.</strong></span> <span class='ocrx_word' id='word_1_413' title='bbox 1195 4540 1311 4602; x_wconf 77' lang='lat' dir='ltr'><strong>128sqq.</strong></span> 
     </span>
    </p>
   </div>
   <div class='ocr_carea' id='block_1_4' title="bbox 0 0 1554 5110">
    <p class='ocr_par' dir='ltr' id='par_1_5' title="bbox 0 0 1554 5110">
     <span class='ocr_line' id='line_1_47' title="bbox 0 0 1554 5110; baseline 0 3"><span class='ocrx_word' id='word_1_414' title='bbox 0 0 1554 5110; x_wconf 95' lang='lat' dir='ltr'><strong> </strong></span> 
     </span>
    </p>
   </div>
  </div>
 </body>
</html>
