3166 5106
587 369 753 424 TlBERlVS
773 382 839 431 [cnr.
855 383 941 432 14-11]
1280 373 1341 436 129

188 530 289 616 legati
317 532 477 596 mandatis
501 532 650 619 Augusto
680 533 802 599 Romae
828 535 963 598 redditis
991 556 1064 598 eum
1097 557 1225 618 quoque
1253 536 1341 600 adire

191 636 225 699 in
257 636 425 721 prouincia
453 640 540 703 iussi.
588 641 644 704 sed
671 641 836 706 nuntiata*
850 641 972 725 Illyrici
1006 641 1185 707 defectione
1214 643 1342 707 transiit

192 745 231 808 ad
254 765 364 808 curam
389 745 466 809 noui
489 746 580 830 belli,
604 749 690 830 quod
713 748 942 834 grauissimum
966 749 1111 813 omnium
1135 752 1341 814 externorum

191 849 350 915 bellorum
373 858 449 935 post
466 853 596 933 Punica,
620 877 678 938 per
696 855 880 939 quindecim
897 855 1042 942 legiones
1060 877 1234 940 paremque
1253 858 1341 920 auxi-

160 956 310 1022 cliorum
335 962 461 1044 copiam
488 962 628 1025 triennio
651 962 753 1049 gessit
776 963 809 1026 in
832 963 959 1049 magnis
985 963 1129 1027 omnium
1153 985 1259 1027 rerum
1283 963 1341 1026 dif-

191 1065 391 1129 ficultatibus
419 1089 606 1152 summaque
634 1069 765 1155 frugum
794 1070 910 1153 inopia.
951 1075 984 1133 et
1007 1091 1190 1153 quanquam
1216 1071 1377 1153 saepiusa

190 1177 406 1257 reuocaretur,
429 1177 537 1238 tamen
561 1176 793 1259 perseuerauit,
816 1181 961 1240 metuens
984 1199 1025 1240 ne
1048 1176 1174 1240 uicinus
1198 1181 1231 1240 et
1254 1199 1342 1259 prae-

116 1315 119 1322 ·
190 1278 302 1342 ualens
334 1279 437 1344 hostis
474 1281 608 1345 instaret
645 1284 730 1347 ultro
764 1283 959 1347 cedentibus.
1005 1305 1048 1348 ac
1084 1283 1341 1367 perseuerantiae

191 1387 311 1470 grande
330 1389 470 1470 pretium
490 1388 575 1473 tulit,
594 1393 663 1454 tcto
683 1388 825 1473 Illyriae,
845 1391 931 1473 quod
949 1389 1033 1454 inter
1046 1388 1175 1454 ltaliam
1194 1411 1341 1476 regnum-

147 1519 176 1558 ιο
191 1514 253 1576 que
276 1493 433 1558 Noricum
457 1499 489 1558 et
507 1495 678 1560 Thraciam
697 1500 729 1560 et
748 1495 970 1562 Macedoniam
990 1497 1137 1580 interque
1156 1497 1341 1561 Danuuium

190 1603 311 1664 flumen
330 1605 362 1664 et
380 1603 486 1666 sinum
505 1602 603 1666 maris
618 1601 797 1667 Hadriatici
816 1607 915 1687 patet,
933 1604 1115 1686 perdomito
1140 1608 1172 1668 et
1191 1604 1224 1666 in
1244 1604 1342 1669 dicio-

190 1729 264 1770 nem
297 1701 435 1773 redacto.
490 1710 542 1774 oui
574 1710 697 1796 gloriae
734 1710 871 1794 amplior
903 1710 1008 1775 adhuc
1046 1733 1085 1774 ex
1122 1704 1394 1794 oportunitateli

191 1814 341 1878 cumulus
357 1809 505 1880 accessit.
552 1839 626 1880 nam
651 1816 710 1880 sub
737 1817 771 1880 id
793 1818 860 1880 fere
883 1822 1011 1901 tempus
1035 1817 1211 1893 Quintilius
1226 1816 1342 1904 ¹Varus

192 1941 265 1984 oum
288 1922 392 1986 tribus
420 1923 603 2009 legionibus
626 1925 660 1986 in
686 1922 857 1987 Germania
879 1925 990 2008 periit,
1021 1924 1148 1987 nemine
1172 1923 1341 1986 dubitante

147 2049 176 2092 15
191 2028 271 2110 quin
294 2029 433 2092 uictores
459 2028 609 2093 Germani
633 2029 773 2093 iuncturi
797 2052 830 2094 se
849 2029 1024 2094 Pannoniis
1038 2027 1178 2114 luerint,
1201 2029 1265 2092 nisi
1289 2029 1341 2092 de-

191 2134 348 2198 bellatum
375 2137 465 2220 prius
492 2134 659 2218 Illyricum
692 2141 781 2200 esset.
825 2159 904 2220 quas
936 2136 978 2201 ob
1011 2159 1061 2200 res
1093 2136 1279 2220 triumphus
1311 2136 1342 2199 ei

193 2241 338 2306 decretus
361 2247 409 2306 est
432 2243 633 2328 multi<que>
652 2248 683 2308 et
707 2245 817 2330 magni
835 2244 982 2308 bonores.
1025 2247 1218 2308 censuerunt
1241 2244 1376 2306 etiama

192 2347 323 2431 quidam
347 2355 383 2413 ut
406 2348 619 2435 Pannonicus,
642 2350 697 2413 alii
721 2354 757 2414 ut
780 2349 934 2436 inuictus,
958 2351 1107 2415 nonnulli
1130 2355 1167 2413 ut
1189 2350 1267 2414 Pius
1292 2371 1342 2414 oo

191 2457 444 2542 gnominaretur.
496 2457 551 2520 sed
583 2457 621 2521 de
654 2458 845 2543 cognomine
878 2458 1059 2521 intercessit
1090 2456 1271 2542 Augustus,
1304 2479 1342 2521 eo
1410 2451 1413 2459 ¹

147 2583 178 2623 so
193 2566 380 2627 contentum
405 2565 646 2649 repromittens,
675 2565 762 2647 quod
786 2587 818 2628 se
838 2565 988 2628 defuncto
1018 2569 1225 2648 suscepturus
1248 2568 1341 2628 esset.

191 2671 394 2755 triumphum
419 2671 486 2754 ipse
511 2671 638 2735 distulit
661 2675 782 2734 maesta
801 2672 932 2735 ciuitate
952 2672 1040 2735 clade
1059 2670 1214 2756 Variaua3
1238 2670 1341 2734 nihilo

90 2862 97 2868 ·
181 2778 300 2841 ‘minus
323 2778 435 2840 urbem
463 2781 683 2861 praetextatus
711 2783 742 2842 et
769 2779 878 2842 laurea
905 2782 1077 2842 coronatus
1100 2777 1235 2842 intrauit
1258 2778 1343 2861 posi-

192 2869 326 2967 tumque
349 2884 383 2946 in
408 2883 534 2968 Saeptis
558 2885 701 2948 tribunal
725 2890 838 2950 senatu
861 2889 986 2949 astante
1010 2886 1195 2948 conscendit
1219 2907 1255 2950 ac
1279 2906 1342 2947 me-

193 2990 265 3054 dius
288 2991 372 3054 inter
396 2991 476 3054 duos
501 2991 646 3054 consules
670 3014 742 3055 cum
766 2991 916 3076 Augusto
940 2991 1036 3055 simul
1061 2992 1156 3076 sedit3
1180 2991 1264 3054 unde
1287 3012 1344 3074 po·

149 3116 178 3158 aa
191 3099 270 3182 pulo
295 3097 495 3161 consalutato
520 3098 640 3160 circum
663 3099 784 3182 templa
808 3099 962 3162 deductus
987 3102 1042 3161 est.

265 3332 280 3378 2
303 3326 377 3380 Oros.
399 3327 444 3380 VI
457 3332 507 3392 21,
521 3330 558 3380 25
591 3327 666 3393 quod
694 3343 723 3379 re
742 3343 809 3380 uera
834 3327 940 3381 bellum
968 3327 1175 3394 (Germanicum
1199 3325 1342 3395 intellegit)

192 3407 346 3460 maximum
375 3408 403 3460 et
425 3406 719 3460 formidulosissimum
742 3407 904 3474 quindecim
927 3405 1085 3476 legionibus
1113 3423 1163 3473 per
1190 3406 1343 3460 triennium

188 3488 304 3556 gestum
324 3488 379 3553 est,
402 3503 454 3540 nec
477 3486 535 3539 fere
555 3487 643 3538 ullum
661 3487 752 3540 maius
771 3486 890 3552 bellum,
915 3488 988 3539 sicut
1007 3485 1155 3539 Suetonius
1175 3485 1342 3551 adtestatur‚
1406 3483 1408 3486 ’

192 3567 258 3637 post
275 3566 413 3620 Punicum
432 3567 493 3620 l'uit.
531 3567 565 3632 cs.
586 3567 724 3621 la'iabard.
741 3571 774 3620 13
853 3572 885 3620 13
908 3567 982 3620 Oros.
1004 3565 1344 3631 V121,2esube0dem

190 3664 260 3700 uero
283 3649 408 3714 tempore
428 3645 580 3710 Quintilius
599 3646 689 3700 Varus
716 3664 778 3700 cum
801 3646 892 3705 tribus
918 3646 1076 3716 legionibus
1096 3663 1113 3698 a
1132 3644 1277 3698 Germanis
1300 3660 1345 3700 re-

192 3727 382 3794 bellantibus,'
394 3727 465 3780 mira
484 3727 615 3796 superbia
629 3730 714 3794 atque
730 3727 851 3781 auaritia
869 3727 899 3778 in
914 3727 1054 3780 subiectos
1070 3741 1156 3794 agens
1176 3726 1220 3794 (cs.
1237 3725 1343 3780 Florus

189 3809 366 3876 ,1V12,31)‚
386 3806 514 3860 funditus
533 3807 641 3860 deletus
662 3810 704 3860 est
723 3807 760 3876 (a.
780 3809 851 3861 Suet.
874 3809 944 3877 Aac.
959 3810 1014 3874 23).
1089 3820 1092 3826 ·

266 4027 281 4073 2
300 4021 428 4074 iussisset
448 4021 510 4074 MG
592 4026 608 4072 4
627 4021 730 4088 punica
750 4019 786 4072 X'
807 4027 831 4075 et
848 4022 887 4074 sic
906 4037 972 4074 corr.
990 4019 1029 4072 (ΞΒ
1049 4021 1074 4088 (c
1093 4020 1123 4071 a
1138 4020 1164 4072 L
1183 4022 1341 4086 expuncta),

189 4102 297 4174 punica
306 4101 456 4173 Meum,
464 4101 602 4154 Punicum
612 4101 686 4154 Oros.
732 4100 967 4169 epatremqueM
1010 4098 1347 4166 Saaultro(eteras.?)M

195 4187 228 4234 10
244 4181 542 4235 danubiumaetedd.
591 4187 622 4233 11
639 4179 950 4249 amallitanorum
995 4183 1027 4232 13
1043 4179 1118 4232 idem
1129 4179 1217 4233 Polalc
1262 4179 1343 4247 quin-

192 4261 272 4314 tilius
284 4261 384 4331 HQT2,
403 4261 495 4314 -tillus
506 4261 604 4328 (tinus
615 4263 640 4314 T
643 4261 661 4330 ¹)
672 4262 717 4314 rel.
775 4266 807 4314 17
823 4262 866 4313 est
879 4260 1017 4327 multique
1028 4277 1044 4318 ς
1058 4260 1128 4328 (edd.
1142 4259 1261 4328 Grypbii
1274 4275 1342 4314 saec.

194 4343 279 4408 XVI,
298 4343 397 4396 notaui
411 4359 444 4395 ea
458 4343 497 4394 ed.
513 4343 603 4410 Luyd.
619 4359 644 4394 a.
661 4345 750 4408 1544),
771 4343 799 4393 et
813 4340 895 4393 multi
909 4341 1063 4408 Stephanus
1077 4339 1169 4408 (multi
1181 4339 1343 4392 —honores
1424 4399 1429 4408 ,

189 4423 468 4490 suspectaeeatleio)
526 4427 560 4474 20
575 4421 679 4493 <fo>re
693 4422 859 4490 promittens
875 4421 990 4491 Bentley
1009 4427 1033 4473 et
1047 4420 1174 4488 Madvig,
1193 4421 1226 4486 cf.
1245 4419 1345 4474 maor

192 4507 228 4557 23
252 4503 281 4554 in
301 4504 402 4555 senatu
418 4501 493 4556 MG¹
513 4501 552 4570 (in
571 4519 637 4556 erus·
658 4503 689 4554 ic
706 4501 731 4554 G
749 4519 783 4554 m.
799 4503 925 4569 critique)
999 4505 1033 4552 24
1053 4499 1119 4552 inde
1135 4501 1183 4554 Μ2

248 4601 384 4641 svaromvs
400 4601 434 4640 ed.
448 4602 515 4641 Ihm.
542 4603 560 4640 I.
1113 4593 1127 4640 9
