3166 5106
280 358 347 422 146
628 357 656 413 C.
668 357 834 412 *SVETONI
853 357 1077 423 TRANQVILLI

227 525 278 592 49
370 520 567 586 Procedente
590 543 667 586 mox
689 525 833 604 tempore
857 522 954 585 etiam
978 522 1018 586 ed
1035 521 1165 606 rapinas
1184 521 1345 586 conuertit
1363 521 1435 585 ani-

271 651 380 692 mum.
422 627 500 692 satis
524 633 658 714 constet,
682 626 737 692 On.
756 627 930 693 Lentulum
953 629 1129 715 Augurem,
1154 627 1205 692 cui
1229 650 1341 693 census
1364 651 1433 694 ma

270 735 387 800 -ximus
410 734 517 818 fuerit,
540 740 630 801 metu
652 739 685 799 et
707 757 826 820 angore
850 736 890 800 ad
914 735 1079 800 fastidium
1098 735 1185 800 uitae
1204 735 1245 799 ab
1265 757 1302 801 eo
1322 740 1433 800 actum

280 847 314 906 et
341 847 378 906 ut
405 864 445 905 ne
474 864 537 925 quo
565 842 630 905 nisi
657 842 728 926 ipso
756 842 872 906 herede
901 846 1093 927 moreretur3
1126 842 1369 907 condemnatam
1399 847 1434 907 εὴ

256 944 258 949 ’
281 949 561 1036 generosissimam
585 949 737 1012 feminam
757 948 913 1033 Lepidam
932 949 966 1011 in
985 948 1122 1034 gratiam
1141 947 1266 1025 Quirini
1286 949 1433 1014 consula-
1463 973 1480 1014 e

270 1056 325 1119 -ris
348 1055 538 1141 praediuitis
561 1059 593 1119 et
617 1055 697 1139 orbi,
721 1056 777 1139 qui
802 1055 966 1120 dimissam
992 1077 1061 1120 eam
1086 1059 1109 1120 e‘
1126 1056 1332 1120 matrimonio
1355 1061 1433 1140 post

280 1162 492 1227 uicensimum
525 1185 644 1227 annum
672 1163 789 1226 ueneni
818 1163 896 1226 olim
924 1163 959 1226 in
986 1185 1019 1227 se
1052 1163 1228 1246 comparati
1261 1164 1433 1250 arguebat3

245 1274 445 1354 epraeterea
472 1267 650 1333 Galliarum
683 1274 715 1333 et
742 1268 974 1353 Hispaniarum
1008 1268 1182 1353 Syriaeque
1215 1273 1247 1333 εὴ
1279 1268 1433 1335 Graeciae

280 1378 443 1460 principes
466 1376 656 1440 confiscatos
680 1376 721 1440 ob
746 1381 812 1440 tam
836 1377 907 1440 leue
931 1398 967 1441 ac
990 1381 1056 1440 tam
1077 1376 1235 1460 inpudens
1258 1376 1433 1440 calumnia-

280 1506 351 1546 rum
377 1505 487 1568 genus,
510 1487 547 1547 ut
569 1483 761 1567 quibusdam
779 1505 846 1548 non
864 1484 952 1547 aliud
971 1483 1013 1547 sit
1032 1483 1204 1567 obiectum,
1227 1505 1324 1566 quam
1344 1484 1432 1568 quod
1447 1509 1480 1547 ro

280 1572 405 1673 partem
439 1592 485 1654 rei
517 1590 685 1654 familiaris
718 1591 751 1654 in
784 1592 919 1674 pecunia
950 1590 1119 1675 haberent3
1151 1591 1300 1674 plurimis
1332 1591 1431 1655 etiam

255 1727 258 1732 ·
279 1697 468 1762 ciuitatibus
492 1702 525 1761 et
546 1691 683 1781 priuatis
705 1702 830 1762 ueteres
853 1698 1072 1762 immunitates
1096 1701 1128 1761 εὴ
1151 1697 1201 1761 ius
1224 1697 1431 1761 metallorum

280 1825 318 1868 ao
340 1804 549 1890 uectigalium
574 1804 735 1889 adempta3
764 1805 819 1868 sed
842 1808 874 1868 et
897 1803 1066 1868 Vononem
1095 1826 1204 1890 regem
1227 1803 1431 1889 Parthorum,

270 1911 338 1994 ·qui
361 1912 474 1995 pulsus
496 1935 515 1975 a
538 1912 604 1976 suis
629 1912 720 1995 quasi
743 1911 778 1974 in
801 1912 897 1975 fidem
915 1935 946 1995 p.
966 1910 1003 1976 R.
1024 1933 1096 1978 cum
1121 1911 1245 1997 ingenti
1268 1933 1348 1997 gaze
1365 1909 1432 1976 An-

270 2017 436 2082 tiochiam
459 2040 492 2082 se
517 2023 687 2103 receperat,
711 2018 885 2103 spoliatum
907 2017 1042 2102 perfidia
1065 2022 1098 2081 et
1121 2018 1270 2083 occisum.
1446 2040 1476 2080 rs

229 2127 276 2193 ὅθ
371 2124 489 2190 Odium
517 2125 670 2189 aduersus
697 2124 948 2190 necessitudines
975 2125 1009 2188 in
1032 2123 1138 2188 Druso
1161 2125 1304 2209 primum
1332 2125 1431 2189 fratre

280 2233 415 2316 detexit,
443 2232 571 2316 prodita
599 2233 667 2295 eius
696 2232 848 2315 epistula,
872 2239 936 2315 qua
959 2253 1066 2296 secum
1090 2232 1128 2294 de
1152 2232 1296 2316 cogendo
1321 2231 1362 2295 ad
1384 2253 1431 2296 re-

280 2339 477 2403 stituendam
500 2338 683 2402 libertatem
706 2337 856 2424 Augusto
880 2338 1009 2424 agebat,
1038 2338 1152 2402 deinde
1176 2343 1208 2402 et
1231 2337 1265 2401 in
1288 2337 1430 2421 reliquis.

271 2445 381 2510 -Iuliae
409 2446 503 2510 uxori
530 2450 657 2510 tantum
686 2445 768 2509 afuit
794 2451 832 2509 ut
859 2446 1031 2530 relegatae,
1060 2444 1147 2529 quod
1175 2445 1345 2508 minimum
1374 2449 1431 2529 est,

280 2553 369 2617 offici
392 2557 448 2617 aut
470 2553 681 2617 humanitatis
707 2553 830 2637 aliquid
854 2553 1045 2637 impertiret,
1075 2556 1113 2616 ut
1135 2574 1175 2616 ex
1198 2553 1474 2617 constitutionem

278 2661 379 2744 patris
408 2681 472 2724 uno
501 2660 622 2744 oppido
650 2660 790 2724 clausam
820 2660 915 2725 domo
939 2681 1067 2744 quoque
1091 2659 1199 2745 egredi
1222 2664 1255 2724 et
1278 2680 1430 2722 commer-

162 2797 165 2804 ·
208 2827 215 2854 ,
279 2767 329 2831 cio
357 2766 526 2830 hominum
554 2767 619 2830 frui
646 2769 798 2852 uetuerit3
832 2767 887 2831 sed
914 2772 946 2831 et
971 2767 1098 2851 peculio
1123 2788 1273 2831 concesso
1297 2771 1431 2850 epatre

279 2873 499 2958 praebitisque
523 2874 637 2938 annuis
660 2875 832 2956 fraudauit,
855 2896 913 2958 per
932 2874 1069 2958 speciem
1088 2873 1212 2958 publici
1230 2873 1319 2957 iuris,
1344 2873 1431 2956 quod

243 2981 363 3049 anihil
392 2981 429 3043 de
457 2981 508 3044 his
534 2979 702 3066 Augustus
730 2985 924 3045 testamento
954 2981 1098 3044 cauisset.
1139 2985 1275 3044 matrem
1302 2978 1429 3044 Liuiam

278 3092 432 3174 grauatus
460 3087 551 3151 uelut
578 3092 684 3172 partes
713 3087 775 3151 sibi
804 3109 921 3170 aequas
948 3089 1112 3172 potentiae
1139 3087 1369 3171 uindicantem,
1398 3091 1429 3151 et
1442 3103 1472 3146 rc

278 3216 487 3281 congressum
512 3195 579 3259 eius
603 3195 768 3259 assiduum
791 3195 911 3259 uitauit
938 3199 970 3258 et
993 3195 1156 3280 longiores
1180 3193 1430 3278 secretioresque

273 3323 456 3385 sermones,
484 3323 523 3366 ne
552 3301 708 3385 consiliis,
737 3301 854 3385 quibus
887 3307 995 3366 tamen
1028 3301 1188 3365 interdum
1216 3305 1249 3365 et
1276 3322 1369 3387 egere
1398 3305 1429 3365 et

272 3410 328 3472 -uti
357 3410 494 3492 solebat,
523 3409 593 3494 regi
615 3408 786 3472 uideretur.
828 3408 905 3473 tulit
928 3409 1025 3473 etiam
1049 3407 1239 3493 perindigne
1263 3412 1370 3472 ectum
1395 3407 1428 3470 in

278 3520 406 3599 senatu,
438 3521 475 3580 ut
506 3516 611 3579 titulis
644 3516 710 3579 suis
734 3516 826 3599 quasi
848 3514 1003 3601 Augusti,
1036 3516 1082 3578 ita
1105 3520 1137 3579 et
1160 3513 1293 3578 Liuiae
1317 3513 1427 3578 filius

243 3623 466 3689 cadiceretur.
519 3645 616 3706 quare
648 3644 714 3686 non
745 3627 941 3706 parentem
979 3623 1129 3706 patriae
1161 3620 1330 3706 appellari,
1362 3637 1469 3685 nonw

272 3731 383 3794 ullum
407 3731 568 3816 insignem
590 3728 746 3793 honorem
769 3731 911 3813 recipere
937 3728 1066 3813 publice
1090 3750 1203 3812 passus
1227 3733 1289 3813 est3
1316 3729 1426 3792 sedet

278 3837 463 3920 frequenter
490 3837 670 3920 admonuit,
700 3837 875 3901 maioribus
908 3856 966 3901 nec
994 3836 1133 3900 feminae
1160 3834 1430 3899 conuenientibus

277 3945 419 4030 negotiis
443 3944 631 4028 abstineret,
656 3944 827 4027 praecipue
853 3947 889 4006 ut
913 3942 1141 4006 animaduertit
1164 3941 1312 4006 incendio
1337 3942 1430 4005 iuxta

351 4175 430 4224 2sat
446 4190 461 4231 ς
477 4175 573 4242 (rculp.)
647 4175 810 4226 3coactum
826 4173 941 4243 Bentley
1013 4174 1077 4224 4εὴ
1096 4171 1139 4241 ut]
1160 4173 1189 4226 et
1206 4171 1245 4237 N,
1264 4173 1296 4223 ut
1310 4170 1433 4240 Madvig

273 4253 294 4303 ‘6
314 4251 433 4305 eornG
489 4258 521 4305 19
541 4255 614 4306 asset
630 4253 861 4308 GAEWMucer
915 4258 948 4305 ‘23
964 4251 1140 4305 fraudauerit
1153 4252 1270 4320 Bentley
1325 4247 1428 4303 rbsibi

276 4332 366 4385 om.V
424 4337 457 4383 28
473 4332 561 4386 solere
575 4333 690 4401 regeeG
748 4333 862 4385 uidetur
871 4335 913 4399 M,
927 4332 1098 4406 uidenturG
1167 4335 1199 4384 29
1214 4331 1258 4401 ut]
1268 4330 1334 4384 etc
1389 4330 1430 4401 et]

277 4413 310 4463 ut
331 4412 396 4480 Πᾮ
472 4411 560 4464 Iuliae
579 4414 696 4481 Bentley
776 4417 810 4464 30
829 4412 966 4481 appellari
990 4430 1039 4466 cru.
1058 4412 1083 4465 G
1103 4409 1429 4480 (appellari-recipere

277 4509 328 4545 om.
344 4492 379 4560 T)
443 4497 474 4543 31
491 4491 591 4562 ullum]
611 4491 720 4545 nullum
736 4493 801 4545 MV
864 4498 896 4544 32
917 4492 991 4558 quod
1011 4508 1067 4544 non
1082 4498 1145 4561 post
1163 4490 1310 4544 admonuit
1328 4491 1434 4544 odd?
