3142 5112
258 351 300 415 76
606 353 634 406 C.
654 353 813 408 SVETONI
830 352 1053 418 insaeviant

257 536 294 578 ao
316 515 388 578 uisa
411 515 573 597 quondam
596 537 655 599 pro
680 517 830 580 contione
852 515 1050 600 pullatorum
1073 516 1168 580 turba
1191 516 1404 600 indignabun-

256 622 316 686 dus
339 626 372 685 et
396 623 576 686 clamitans:
600 645 645 686 en
667 623 781 705 <Very
800 623 878 686 Aen.
899 623 1025 706 1282>

328 727 532 811 Romanos,
550 751 673 792 rerum
693 729 881 812 dominos,
901 733 1131 813 gentemque
1150 729 1335 815 togatam!

255 835 423 919 negotium
446 834 602 898 aedilibus
621 834 718 916 dedit,
741 857 781 899 ne
801 858 896 918 quem
915 837 1051 919 posthac
1069 839 1256 918 paterentur
1279 835 1314 899 in
1331 835 1403 898 foro

256 942 380 1005 enoaue
402 942 465 1005 nisi
489 942 605 1025 positis
627 943 764 1006 lacernis
786 946 935 1027 togatum
959 944 1140 1006 consistere.
1433 970 1448 1010 e

203 1044 246 1110 ll
344 1047 583 1112 Liberalitatem
609 1049 758 1112 omnibus
782 1049 949 1113 ordinibus
972 1072 1030 1133 per
1054 1049 1236 1114 occasiones
1256 1049 1405 1132 frequen·

255 1160 305 1218 ter
340 1155 493 1218 exhibuit.
539 1177 615 1219 nam
647 1159 680 1220 et
715 1156 843 1219 inuecta
874 1156 948 1219 urbi
980 1154 1199 1219 Alexandrino
1235 1153 1403 1238 triumpho

255 1261 345 1346 regia
369 1283 446 1346 gaza
473 1265 597 1325 tantam
625 1263 751 1346 copiam
774 1263 973 1326 nummariae
995 1264 1043 1326 rei
1066 1262 1185 1345 effecit,
1212 1265 1250 1326 ut
1272 1262 1406 1338 faenore=

255 1369 420 1432 deminuto
440 1367 615 1453 plurimum
637 1391 788 1455 agrorum
806 1370 920 1453 pretiis
940 1371 1115 1454 accesserit,
1134 1372 1167 1432 et
1184 1372 1306 1453 postea,
1325 1388 1404 1450 quo-

254 1476 338 1539 tiens
367 1497 405 1537 ex
433 1476 658 1540 damnatorum
685 1477 778 1540 bonis
806 1478 942 1560 pecunia
965 1477 1189 1560 superflueret,
1215 1495 1310 1539 usum
1333 1476 1403 1538 eius
1419 1501 1448 1542 io

255 1583 434 1668 gratuitum
457 1583 506 1665 iis,
525 1584 579 1666 qui
605 1603 717 1647 cauere
740 1585 775 1647 in
798 1583 930 1667 duplum
949 1587 1092 1667 possent,
1114 1584 1155 1646 ad
1177 1586 1301 1646 certum
1324 1586 1403 1644 tem-

254 1711 315 1772 pus
344 1689 487 1752 indulsit.
529 1694 713 1753 senatorum
742 1711 871 1754 censum
900 1690 1068 1774 ampliauit
1097 1712 1134 1754 ac
1155 1712 1215 1773 pro
1239 1689 1402 1773 octingen-

254 1799 364 1858 torum
386 1797 513 1859 milium
537 1817 662 1859 summa
685 1795 853 1878 duodecies
873 1797 1065 1872 sestertium
1077 1798 1203 1878 taxauit
1226 1795 1404 1880 suppleuit

220 1914 317 1984 aque
344 1923 412 1967 non
437 1902 640 1966 habentibus.
681 1905 845 1988 congiaria
871 1906 993 1986 populo
1016 1903 1200 1985 frequenter
1222 1903 1323 1985 dedit,
1346 1903 1403 1966 sed

254 2008 398 2073 diuersae
425 2010 491 2073 fere
525 2031 680 2073 summae:
713 2008 808 2072 modo
838 2009 1086 2095 quadringenos,
1119 2009 1215 2072 modo
1248 2013 1402 2092 trecenos,
1417 2034 1447 2075 is

252 2138 498 2200 nonnumquam
526 2119 664 2202 ducenos
689 2117 996 2201 quinquagenosque
1023 2138 1186 2200 nummos3
1216 2137 1254 2180 ac
1281 2137 1321 2178 ne
1344 2116 1403 2180 mi-

253 2245 348 2287 nores
368 2224 496 2307 quidem
511 2246 628 2307 pueros
647 2223 821 2306 praeteriit,
845 2225 993 2307 quamuis
1011 2245 1077 2286 non
1090 2223 1154 2286 nisi
1172 2223 1212 2286 ab
1231 2221 1402 2287 undecimo

254 2331 367 2393 aetatis
405 2351 488 2395 anno
527 2332 669 2414 accipere
705 2334 919 2394 consuessent.
970 2330 1168 2394 frumentum
1204 2350 1336 2412 quoque
1367 2331 1402 2393 in

255 2458 399 2501 annonae
423 2436 669 2500 difficultatibus
693 2457 787 2519 saepe
810 2435 985 2518 leuissimo,
1007 2435 1169 2499 interdum
1187 2435 1278 2500 nullo
1296 2439 1401 2520 pretio

201 2533 246 2599 42
254 2543 377 2605 uiritim
402 2542 571 2607 admensus
599 2547 647 2606 est
674 2546 876 2624 tesserasque
899 2543 1095 2606 nummarias
1118 2542 1304 2626 duplicauit.
1347 2543 1444 2608 sedeo

253 2653 290 2712 ut
315 2650 476 2714 salubrem
504 2650 608 2736 magis
631 2671 728 2731 quam
752 2649 960 2713 ambitiosum
988 2649 1168 2733 principem
1192 2649 1299 2733 scires,
1324 2671 1402 2732 que-

254 2759 377 2819 rentem
401 2757 440 2819 de
463 2757 574 2840 inopia
601 2761 633 2820 et
656 2757 790 2819 caritate
816 2755 886 2818 uini
909 2757 1065 2838 populum
1089 2757 1292 2820 seuerissima
1316 2777 1401 2821 coer-

255 2862 322 2926 cuit
344 2884 437 2926 uoce:
465 2864 562 2926 satis
591 2864 787 2946 prouisum
816 2884 834 2924 a
858 2883 996 2947 genero
1025 2884 1091 2926 suo
1119 2862 1292 2948 Agrippa
1319 2885 1401 2947 per-

219 2968 380 3032 2ductis
404 2969 582 3053 pluribus
607 2970 730 3051 aquis,
753 2990 798 3033 ne
816 2968 989 3032 homines
1014 2969 1180 3034 sitirent.
1222 2969 1326 3034 eidem
1345 2992 1402 3054 po·

253 3075 330 3159 pulo
364 3076 557 3158 promissum
594 3075 723 3158 quidem
761 3069 960 3160 congiarium
997 3077 1177 3159 reposcenti
1209 3076 1329 3144 bonae
1362 3099 1401 3142 se
1415 3099 1445 3141 ss

253 3182 348 3246 fidei
373 3203 455 3246 esse
478 3182 657 3265 respondit3
680 3203 746 3246 non
769 3182 962 3264 promissum
987 3186 1093 3246 eutem
1116 3183 1277 3268 flagitanti
1300 3185 1401 3268 turpi-

253 3289 397 3352 tudinem
435 3294 466 3354 et
502 3288 735 3372 impudentiam
773 3288 877 3352 edicto
915 3289 1122 3371 exprobrauit
1159 3291 1400 3374 affirmauitque

252 3417 326 3458 non
350 3395 526 3459 daturum
555 3417 593 3458 se
623 3397 797 3478 quamuis
821 3396 908 3458 dare
933 3395 1154 3460 destinaret.
1195 3419 1253 3461 nec
1276 3398 1400 3463 minore

324 3627 407 3690 Bsqq.
427 3624 462 3689 cf.
485 3624 558 3678 Oros.
580 3625 678 3689 V119,
693 3629 727 3678 19

324 3840 340 3887 2
361 3834 402 3888 ait
415 3841 480 3904 poet
498 3853 532 3889 en
552 3837 615 3889 cdd.
635 3840 659 3889 Τ
728 3843 743 3890 5
764 3837 873 3890 circoue
895 3838 953 3891 GT
974 3839 1022 3906 (sic
1040 3855 1108 3892 corr.
1127 3839 1159 3891 in
1177 3840 1204 3893 L
1226 3856 1260 3892 m.
1280 3841 1399 3909 recena),

252 3915 286 3980 cf.
303 3915 374 3986 Lyd.
385 3932 471 3982 snpra
535 3917 792 3970 Snummumariae
804 3920 847 3983 M,
865 3917 1100 3989 numumarian
1168 3918 1404 3974 9diminutoTT

254 4000 286 4048 12
307 3996 477 4048 senatorium
497 3997 613 4064 Bentley
637 3999 680 4065 (ef.
705 3998 780 4065 Vesp.
797 4001 840 4068 17)
915 4003 946 4051 13
971 3997 1063 4051 decies
1083 3998 1198 4067 Lipsius
1269 4001 1399 4055 sestertio

254 4076 368 4128 Ernesti
387 4076 430 4144 (es.
451 4077 488 4129 ad
506 4077 562 4130 Inl.
579 4081 615 4131 50
630 4095 658 4145 p.
673 4081 720 4142 26,
734 4081 780 4146 24)
881 4084 913 4130 15
937 4077 995 4133 fere
1019 4095 1069 4131 ont.
1091 4079 1117 4130 V
1202 4080 1398 4149 quadragenos

254 4155 316 4208 GH
320 4156 347 4208 B
427 4157 554 4209 trecenos
577 4157 653 4210 Torn.
674 4159 696 4225 (e
715 4159 784 4212 libro
803 4159 998 4227 Ferrariense),
1017 4157 1138 4210 tricenos
1158 4162 1184 4211 Ω
1264 4166 1297 4213 16
1316 4161 1398 4228 quin·

251 4235 612 4305 genosquesyricenosque
620 4239 779 4292 retentionis
787 4239 833 4306 T),
843 4238 1093 4306 quadragenosque
1101 4241 1253 4294 Mommsen
1302 4240 1399 4294 llnisi

251 4332 302 4368 om.
326 4318 350 4367 Τ
429 4321 461 4368 19
484 4317 623 4370 uilissimo
643 4317 758 4387 Bentley
840 4324 873 4372 20
897 4318 985 4372 uiritfi
1009 4318 1145 4372 admensu
1164 4320 1190 4371 V
1269 4326 1303 4374 24
1320 4321 1398 4376 idem

251 4395 368 4464 Bentley
439 4396 544 4464 populo
563 4397 613 4450 del.
632 4399 708 4451 Torr.
782 4403 815 4450 25
836 4397 1000 4467 deposcenti
1014 4399 1102 4452 Petale
1175 4404 1208 4452 28
1228 4399 1400 4456 destinasset

251 4476 285 4530 N
287 4493 316 4542 ς,
337 4474 486 4528 destinarit
506 4477 638 4541 Beitetne,
658 4477 815 4530 destinarat
829 4479 926 4533 Bnrne.
1000 4480 1063 4549 nec]
1082 4495 1118 4533 ne
1138 4481 1176 4534 M
1179 4479 1260 4550 an
