3136 5100
282 329 347 392 246
633 326 660 379 C.
682 325 837 380 SVETONl
856 327 1079 392 TRANQVlLLl

249 511 264 557 3
283 513 321 558 ac
338 495 413 576 post
431 493 510 555 baec
530 495 656 554 tantum
676 489 757 554 afuit
781 513 799 553 a
823 491 1014 555 remittendo
1034 491 1236 574 laxandoque
1256 490 1370 572 studi0,
1384 493 1429 552 -ut

284 598 520 664 conseruandae
543 597 632 660 uocis
655 597 760 681 gratia
782 619 886 680 neque
909 597 1029 662 milites
1049 619 1212 681 umquam,
1235 597 1298 660 nisi
1316 596 1429 660 absens

283 709 340 772 aut
362 704 426 768 alio
450 704 549 767 uerba
572 705 809 786 pronuntiante,
833 705 1010 788 appellaret
1032 727 1136 788 neque
1156 703 1326 786 quicquam
1345 704 1429 766 serio

283 813 395 876 iocoue
419 811 536 896 egerit,
564 811 625 874 nisi
655 815 778 874 astante
802 810 979 894 phonasco,
1009 812 1064 894 qui
1088 815 1233 875 moneret
1257 813 1430 894 parceret

283 916 441 982 arteriis
456 939 497 980 ac
513 917 709 980 sudarium
724 918 767 980 ad
788 939 827 982 os
842 919 1072 1002 applicaret,
1091 919 1266 1000 multisque
1285 917 1337 981 uel
1354 917 1432 980 ami·
1456 941 1466 978 5

284 1027 392 1098 citiam
412 1047 503 1088 suain
525 1024 679 1107 optulerit
697 1024 750 1087 uel
770 1025 966 1089 simultatem
991 1025 1153 1107 indixerit,
1177 1027 1275 1108 prout
1298 1023 1432 1106 quisque
1521 1043 1522 1046 ’

285 1154 317 1196 se
341 1133 444 1216 magis
468 1132 638 1214 parciusue
660 1132 831 1200 laudasset.

231 1241 276 1307 26
375 1237 601 1320 Petulantiam,
625 1237 801 1323 libidinem,
819 1238 989 1321 luxuriam,
1009 1239 1189 1322 auaritiam,
1212 1239 1432 1302 crudelitatem
1523 1265 1524 1268 ¹

285 1346 401 1408 sensim
437 1345 567 1428 quidem
599 1345 704 1428 primo
741 1347 774 1407 et
812 1344 936 1409 occulte
973 1348 1006 1410 et
1037 1347 1128 1408 uelut
1160 1346 1295 1410 iuuenili
1328 1366 1433 1408 errore
1525 1388 1526 1464 q

285 1451 440 1532 exercuit,
469 1451 524 1514 sed
552 1455 589 1514 ut
616 1455 694 1514 tunc
722 1474 850 1535 quoque
879 1452 1011 1515 dubium
1040 1452 1162 1516 nemini
1188 1453 1273 1516 foret
1301 1456 1435 1516 naturae
1449 1475 1468 1513 n
1526 1500 1527 1564 ,

284 1557 341 1620 illa
364 1557 454 1640 uitia,
478 1579 544 1620 non
567 1559 681 1621 aetatis
705 1580 783 1622 esse.
820 1562 895 1642 post
919 1561 1142 1642 crepusculum
1167 1561 1277 1624 statim
1301 1560 1435 1642 adrepto
1527 1612 1528 1648 ,

286 1664 384 1746 pilleo
413 1665 466 1728 uel
494 1663 602 1749 galero
630 1665 767 1748 popinas
795 1666 897 1730 inibat
926 1666 1109 1749 circumque
1136 1667 1226 1730 uicos
1255 1666 1436 1751 uagabatur
1528 1726 1529 1734 ,

287 1770 484 1834 ludibundus
519 1794 578 1835 nec
608 1772 677 1835 sine
706 1771 846 1854 pernicie
876 1776 997 1854 tamen,
1029 1773 1188 1856 siquidem
1222 1773 1388 1837 redeuntis
1419 1795 1436 1834 a

287 1899 364 1943 cena
387 1877 554 1942 uerberare
574 1899 610 1940 ac
628 1882 845 1962 repugnantes
864 1878 1032 1942 uulnerare
1052 1880 1233 1962 cloacisque
1253 1881 1436 1965 demergere

286 1988 438 2067 assuerat,
462 1986 611 2050 tabernas
635 1986 732 2048 etiam
756 1985 925 2071 effringere
944 1989 976 2049 et
994 1987 1149 2071 expilare3
1173 1988 1329 2070 quintana
1349 1986 1471 2049 domin
1531 2064 1532 2086 ,

288 2093 477 2175 constituta,
505 2092 561 2155 ubi
589 2097 699 2175 partae
727 2097 759 2155 et
783 2093 821 2154 ad
850 2092 1062 2157 licitationem
1087 2094 1276 2158 diuidendae
1301 2094 1436 2176 praedae

251 2199 427 2281 apretium
452 2200 680 2263 absumeretur.
718 2221 755 2261 ac
778 2221 872 2283 saepe
900 2202 933 2263 in
957 2200 1024 2264 eius
1049 2201 1136 2264 modi
1164 2201 1244 2264 rixis
1269 2202 1436 2266 oculorum

287 2310 318 2367 et
342 2306 428 2369 uitae
452 2307 629 2389 periculum
659 2305 751 2387 adiit,
779 2307 959 2388 aquodam
983 2306 1159 2390 laticlauio,
1188 2309 1279 2370 cuius
1302 2329 1437 2370 uxorem
1533 2290 1534 2304 ἵ

287 2412 531 2494 adtrectauerat,
551 2434 650 2495 prope
669 2413 709 2475 ad
728 2435 837 2477 necem
857 2435 975 2476 caesus.
1013 2435 1110 2496 quare
1129 2437 1306 2498 numquam
1324 2419 1439 2498 postea

288 2520 417 2601 publico
447 2541 480 2582 se
510 2519 591 2583 illud
619 2521 716 2583 horae
745 2520 813 2583 sine
841 2520 981 2583 tribunis
1006 2521 1167 2586 commisit
1195 2523 1309 2604 procul
1331 2525 1364 2586 et
1389 2541 1474 2584 oc-ro
1535 2516 1536 2536 ¹

288 2628 373 2691 culte
402 2626 679 2709 subsequentibus.
722 2627 861 2690 interdiu
885 2648 1017 2710 quoque
1045 2627 1127 2690 clam
1156 2630 1331 2710 gestatoria
1360 2628 1438 2695 sella

289 2735 413 2798 delatus
438 2733 472 2797 in
495 2733 659 2796 theatrum
683 2732 896 2796 seditionibus
920 2733 1193 2816 pantomimorum
1218 2739 1343 2818 sparte
1368 2758 1439 2818 pro·

289 2842 396 2904 scaeui
425 2840 590 2923 superiore
618 2840 753 2924 signifer
781 2840 877 2903 simul
906 2861 943 2904 ac
972 2843 1133 2923 spectator
1157 2841 1279 2926 aderat,
1309 2846 1341 2904 et
1366 2864 1438 2906 cum

289 2948 329 3012 ad
360 2970 473 3010 manus
503 2951 636 3010 uentum
668 2951 752 3010 esset
783 2946 1009 3030 lapidibusque
1038 2950 1070 3009 et
1098 2946 1326 3011 subselliorum
1354 2947 1439 3032 frag-

288 3055 430 3130 minibus
457 3055 691 3138 decerneretur,
720 3053 822 3116 multa
847 3056 878 3116 et
906 3054 975 3137 ipse
999 3054 1073 3116 iecit
1101 3054 1134 3116 in
1163 3055 1319 3136 populum
1343 3058 1439 3138 atque
1453 3072 1475 3110 n

237 3163 387 3229 2letiam
410 3161 568 3245 praetoris
588 3164 683 3244 caput
707 3159 933 3223 consauciauit.
953 3160 1127 3243 paulatim
1146 3182 1223 3223 uero
1243 3159 1438 3225 inualescen-

362 3379 377 3426 8
399 3374 474 3428 Oros.
491 3375 547 3427 VII
563 3377 614 3437 7‚1
634 3371 822 3439 petulantiam
840 3370 988 3424 libidinem
1010 3370 1150 3424 luxuriam
1172 3370 1323 3423 auaritiam
1342 3371 1439 3424 crude·

290 3455 401 3507 litatem
424 3454 501 3506 nullo
520 3469 574 3505 non
600 3452 703 3505 scelere
728 3451 858 3503 exercuit.
953 3457 982 3502 11
995 3467 1054 3518 sqq.
1072 3452 1107 3516 cf.
1124 3451 1239 3520 Capitol.
1256 3451 1314 3504 Ver.
1330 3454 1388 3515 4‚6
1411 3450 1440 3501 in

290 3537 401 3586 tantum
416 3534 549 3586 uitiorum
565 3532 735 3585 Gaianorum
750 3533 793 3598 (cs.
810 3532 866 3585 Oct.
884 3534 927 3598 11)
943 3533 971 3584 et
985 3530 1207 3583 Neronianorum
1226 3545 1259 3584 ac
1273 3529 1440 3584 Vitelliano-

290 3631 352 3666 rum
367 3614 453 3667 fuisse
468 3612 618 3677 aemulum,
638 3615 669 3664 ut
688 3613 840 3680 uagaretur
857 3613 940 3664 nocte
956 3627 1007 3678 per
1025 3609 1157 3663 tabernas
1172 3627 1205 3663 ao
1223 3609 1372 3679 lupanaria
1393 3611 1440 3663 ob-

290 3696 365 3746 tecto
385 3694 477 3761 capite
498 3691 654 3746 cucullione
673 3690 785 3758 uulgari
804 3691 923 3743 uiatorio
946 3693 974 3743 et
993 3691 1175 3744 comisaretur
1193 3708 1256 3744 cum
1275 3689 1439 3758 triconibus,

291 3775 478 3828 committeret
492 3774 576 3839 rixas,
590 3770 770 3825 dissimulans
786 3771 848 3838 quis
863 3771 944 3838 esset,
960 3786 1099 3838 saepeque
1113 3770 1249 3824 efflictum
1262 3770 1352 3822 liuida
1366 3769 1439 3824 faeie

290 3855 396 3909 redisse
416 3855 491 3907 etin
511 3852 635 3906 tabernis
655 3851 791 3921 agnitum,
811 3868 873 3904 cum
893 3867 952 3904 sese
972 3849 1162 3904 absconderet.

345 3985 505 3992 -.βα-.-

365 4075 379 4120 3
400 4067 552 4137 appellarit
566 4068 681 4133 Bentley
767 4071 782 4117 4
802 4065 899 4117 iocoue
916 4066 952 4117 M
1035 4065 1174 4134 parceret]
1195 4081 1257 4118 eum
1277 4079 1391 4132 parcere
1411 4063 1444 4118 Η

292 4150 463 4203 81uxoriem
479 4151 521 4214 M,
536 4148 680 4201 -uriemT
732 4145 872 4198 9feruore
887 4144 995 4198 exeruit
1008 4147 1125 4213 Bentley
1181 4149 1214 4197 10
1229 4145 1272 4215 ut]
1287 4147 1316 4198 et
1331 4144 1440 4198 MGer

294 4237 325 4283 12
346 4229 452 4296 galerio
470 4219 601 4282 MLPOs
671 4233 702 4278 15
722 4224 884 4279 tabernulas
898 4225 952 4293 HQ
1022 4229 1053 4277 16
1074 4227 1102 4277 et
1121 4224 1306 4278 allicitatione
1326 4225 1355 4276 in
1371 4223 1397 4277 G

292 4310 489 4363 diuendendae
508 4310 582 4363 Torr.
640 4314 671 4360 17
688 4307 880 4360 adsumeretur
894 4307 970 4373 (ass)
982 4305 1047 4362 Πὸς
1103 4310 1136 4357 20
1151 4321 1167 4358 a
1182 4304 1296 4373 publico
1308 4304 1441 4358 Merra

293 4394 321 4458 (a
341 4392 371 4442 ia
387 4390 412 4442 R
427 4391 528 4456 craso),
548 4389 661 4458 publice
676 4387 749 4441 L¹S¹
823 4391 855 4437 24
874 4402 975 4437 munus
990 4385 1058 4453 H¹Q
1077 4391 1101 4437 et
1119 4387 1158 4438 sic
1173 4401 1226 4452 pro
1245 4383 1440 4439 u.l.es.a'a1l

294 4476 327 4522 23
348 4470 429 4522 simul
451 4471 610 4535 aspectator
626 4471 667 4531 M,
688 4485 707 4520 s.
725 4468 853 4535 aspector
870 4469 887 4519 d
960 4470 993 4517 ‘25
1012 4463 1080 4517 iecit
1099 4467 1127 4518 et
1146 4465 1206 4533 ipse
1223 4464 1249 4518 G
