3142 5112
519 372 628 427 DIVVS
646 373 766 426 IVLIVS
786 385 851 434 [car.
867 385 954 434 [ιε-85]
1268 373 1312 436 45
1391 454 1393 458 ¹

159 537 227 601 dies
259 560 327 603 non
358 535 543 620 uidebatur,
575 541 794 621 praeceptum,
827 539 865 600 ut
892 538 1012 600 omisso
1041 535 1166 618 ordine,
1194 535 1312 619 quibus

161 643 297 727 quisque
326 643 425 708 uellet
453 642 623 707 itineribus
651 642 756 726 urbia,
783 646 929 726 portaret
957 643 992 706 in
1020 641 1185 727 Campum.
1227 643 1347 708 inter‘.>

161 750 253 814 ludos
273 752 402 814 cantata
425 753 499 814 sunt
519 750 674 834 quaedam
699 749 738 812 ad
757 749 997 814 miserationem
1016 755 1048 814 et
1068 749 1224 814 inuidiam
1244 771 1312 814 cae·

162 856 209 920 dis
228 854 296 920 eius
316 855 570 940 accommodata,
589 878 628 920 ex
647 855 767 920 Pacuui
782 855 958 920 Armorum
976 855 1095 922 iudicio
1110 858 1191 939 <fra
1208 857 1242 920 X
1248 857 1311 938 V>:

135 987 147 1026 a
272 985 356 1026 men
380 985 568 1046 seruasse,
591 966 633 1026 ut
656 967 785 1026 essent
809 963 874 1046 qui
897 984 953 1027 me
975 963 1204 1046 perderent?

162 1072 255 1132 etex
280 1069 409 1133 Electra
433 1069 518 1134 Acili
547 1069 587 1132 ad
615 1067 752 1133 similem
776 1070 977 1134 sententiam.
1021 1070 1216 1134 laudationis
1239 1069 1311 1134 loco

161 1175 273 1239 consul
295 1174 458 1240 Antonius
486 1197 543 1260 per
566 1197 756 1259 praeconem
782 1176 1009 1259 pronuntiauit
1032 1181 1162 1241 senatus
1186 1177 1311 1252 consul-

161 1286 243 1364 tum,
273 1303 336 1366 quo
366 1284 474 1346 omnia
502 1283 598 1346 simul
627 1281 657 1347 ei
685 1281 794 1346 diuina
827 1285 923 1366 atque
951 1283 1091 1348 humana
1119 1283 1311 1364 decreuerat,

161 1388 238 1452 item
263 1390 313 1452 ius
336 1389 520 1473 iurandum,
550 1411 613 1472 quo
643 1410 675 1453 se
700 1391 808 1454 cuncti
830 1411 889 1473 pro
914 1390 1017 1454 salute
1039 1391 1135 1454 unius
1159 1391 1312 1454 astrinxe-

118 1521 146 1559 ιο
159 1499 245 1574 rant3
269 1495 387 1578 quibus
410 1517 571 1580 perpauca
594 1519 612 1560 a
636 1517 669 1560 se
688 1495 787 1560 uerba
806 1496 936 1561 addidit.
978 1496 1097 1561 lectum
1117 1519 1176 1580 pro
1196 1496 1311 1561 rostris
1331 1510 1346 1557 3

160 1601 193 1664 in
215 1602 320 1666 forum
346 1605 555 1689 magistratus
583 1607 615 1666 et
642 1601 821 1667 honoribus
848 1602 952 1666 functi
976 1603 1169 1668 detulerunt.
1215 1625 1310 1686 quem

162 1729 232 1771 oum
265 1730 339 1791 pars
372 1708 407 1772 in
439 1706 614 1792 Capitolini
642 1707 729 1772 Iouis
762 1708 842 1772 cella
875 1731 1016 1774 cremare
1048 1732 1123 1793 pars
1156 1711 1190 1774 in
1223 1711 1311 1773 ouria

91 1866 92 1869 .
161 1813 293 1898 Pompei
321 1813 509 1898 destinaret,
538 1819 669 1898 repente
696 1816 759 1878 duo
789 1816 917 1900 quidam
948 1816 1063 1902 gladiis
1092 1817 1246 1879 succincti
1274 1839 1311 1880 ac

161 1921 234 1984 bina
272 1921 377 1986 iacula
413 1925 576 2007 gestantes
614 1921 799 1986 ardentibus
837 1923 935 1986 cereis
974 1922 1206 1986 succenderunt
1238 1943 1310 1984 con-

122 2021 147 2092 is
163 2028 334 2112 festimque
362 2029 641 2092 circumstantium
670 2028 765 2092 turba
793 2028 936 2116 uirgulta
963 2028 1052 2092 arida
1080 2033 1112 2092 et
1141 2050 1213 2092 cum
1238 2027 1310 2090 sub-

160 2132 259 2196 selliis
287 2132 476 2216 tribunalia,
505 2135 659 2220 quicquid
686 2139 852 2218 praeterea
880 2134 919 2198 ad
943 2135 1062 2198 donum
1087 2135 1208 2219 aderat,
1238 2156 1311 2198 con-

158 2241 268 2325 gessit.
310 2240 423 2304 deinde
447 2241 595 2305 tibicines
619 2246 651 2305 et
675 2242 811 2305 scaenici
835 2243 975 2306 artifices
994 2245 1126 2323 uestem,
1151 2263 1246 2324 quam
1271 2257 1346 2304 erl

158 2345 401 2430 triumphorum
424 2348 639 2412 instrumento
664 2349 704 2413 ad
722 2353 923 2432 praesentem
943 2369 1037 2413 usum
1057 2348 1235 2431 induerant,
1260 2347 1310 2410 de·

158 2457 296 2516 tractam
321 2452 383 2518 sibi
407 2459 504 2538 atque
524 2454 688 2520 discissam
710 2455 846 2518 iniecere
866 2456 1014 2519 flammae
1033 2459 1066 2518 et
1083 2458 1309 2518 ueteranorum

115 2587 143 2626 ao
158 2559 299 2622 militum
318 2560 489 2646 legionarii
508 2582 597 2624 arma
616 2583 682 2642 sua,
702 2560 820 2643 quibus
840 2560 960 2624 exculti
979 2560 1076 2624 funus
1091 2559 1310 2642 celebrabant3

96 2673 111 2696 “
157 2671 324 2730 matronae
355 2667 452 2730 etiam
482 2667 653 2750 pleraeque
682 2671 869 2730 ornamenta
893 2689 963 2750 sua,
988 2689 1069 2750 quae
1092 2666 1256 2754 gerebant,
1280 2672 1312 2730 et

156 2773 334 2837 liberorum
359 2773 464 2837 bullas
487 2779 583 2856 atque
607 2777 796 2857 praetextas.

247 2877 286 2942 ln
314 2902 440 2944 summo
468 2881 600 2964 publico
628 2881 718 2944 luctu
752 2885 933 2943 exterarum
961 2881 1108 2965 gentium
1136 2880 1345 2944 multitudoe

157 2985 338 3050 circulatim
377 3009 434 3052 suo
473 3009 618 3070 quaeque
655 3009 745 3051 more
781 2987 957 3051 lamentata
992 2992 1039 3050 est
1076 2988 1310 3070 praecipueque

115 3120 142 3158 as
158 3089 285 3175 Iudaei⁷
315 3094 370 3175 qui
399 3094 496 3157 etiam
524 3095 673 3158 noctibus
706 3095 868 3157 continuis
897 3094 1028 3157 bustum
1056 3094 1310 3176 frequentarunt.

156 3198 251 3282 plebs
275 3200 384 3262 statim
407 3223 427 3263 a
449 3199 561 3263 funere
585 3201 625 3262 ad
649 3200 780 3264 domum
803 3200 898 3263 Bruti
926 3205 957 3264 ct
982 3199 1113 3284 Cassi[i]
1138 3222 1209 3264 eum
1234 3200 1362 3264 faci-85

157 3306 220 3368 bus
244 3305 382 3368 tetendit
409 3310 508 3388 atque
536 3327 629 3390 aegre
656 3307 784 3389 repulsa
812 3307 946 3370 obuium
973 3307 1035 3370 sibi
1060 3306 1214 3370 Heluium
1239 3304 1310 3369 Cin-

156 3433 232 3474 nam
265 3433 322 3494 per
354 3433 494 3476 errorem
523 3412 676 3495 nominis,
711 3413 803 3495 quasi
833 3412 998 3476 Cornelius
1027 3413 1054 3475 is
1085 3418 1181 3497 essct,
1214 3434 1310 3495 quem

155 3519 302 3604 grauiter
333 3517 437 3602 pridie
470 3519 691 3583 contionatum
725 3520 762 3582 de
796 3517 931 3582 Caesare
963 3519 1161 3602 requirebat,
1194 3519 1311 3583 occidit

116 3655 143 3693 ao
159 3627 325 3708 caputque
354 3624 422 3688 eius
445 3626 623 3708 praefixum
651 3625 764 3689 hastae
788 3626 993 3691 circumtulit.
1040 3630 1151 3709 postea
1175 3626 1311 3689 solidam

230 3832 245 3879 8
265 3828 299 3892 cf.
326 3828 381 3880 Vir.
402 3828 441 3880 ill.
463 3831 538 3893 85,1

231 4029 244 4074 1
264 4023 309 4094 ut]
325 4025 414 4076 estut
428 4023 490 4081 11³5
505 4024 601 4091 (culp.)
670 4029 687 4075 4
705 4024 927 4090 pacuuiauorum
942 4027 1085 4092 (pacuma-
1097 4023 1136 4077 L¹
1155 4025 1269 4088 ataid.)
1286 4028 1313 4075 X

156 4109 171 4156 6
192 4120 228 4156 ex
248 4120 297 4156 om.
321 4103 346 4156 G
419 4101 485 4155 acili
505 4102 548 4171 (ii
570 4103 640 4171 Gr)
657 4105 690 4168 a,
711 4103 799 4156 attilii
818 4121 834 4162 ς
854 4104 945 4172 (Atilii
966 4106 1020 4158 Cic.
1036 4105 1083 4170 sio.
1099 4106 1160 4169 15,
1185 4111 1214 4157 at
1233 4104 1310 4156 acilii

65 4184 67 4188 ’
152 4183 213 4238 cod.
226 4185 319 4237 Putat.
331 4185 413 4252 1525)
479 4189 492 4235 7
512 4183 726 4251 praenuntiauit
741 4186 777 4236 M
833 4190 869 4236 *16
890 4184 927 4236 ad
942 4201 1055 4236 manum
1067 4185 1231 4248 Beroaldus,
1250 4184 1310 4236 ido-

154 4281 241 4318 neum
258 4263 399 4330 Heinsius,
418 4263 453 4316 ad
472 4281 574 4315 munus
590 4263 689 4328 Fri'bse,
708 4264 825 4316 odorum
842 4265 920 4330 Orod,
941 4265 978 4315 ad
994 4263 1163 4316 adolendum
1178 4265 1312 4317 BdcbeIer

156 4350 189 4397 18
206 4343 405 4396 induerentM
458 4347 490 4396 26
507 4359 569 4396 oum
584 4345 602 4395 t'.
616 4344 740 4396 tetendit
754 4344 842 4396 om.G
898 4350 930 4396 27
947 4344 1028 4411 pulsa
1045 4345 1070 4396 V
1122 4344 1218 4396 ouium
1228 4347 1264 4397 M
1267 4345 1275 4374 ¹

154 4422 284 4477 beuilum
295 4423 332 4474 M
336 4421 393 4492 Vp,
411 4422 537 4475 heiulum
555 4424 617 4488 GH,
637 4423 727 4476 heuil-
741 4425 784 4476 uel
803 4422 894 4476 heiul-
910 4425 961 4493 lapi
971 4432 1059 4493 potest
1077 4427 1106 4477 aa
1121 4425 1185 4489 LR,
1205 4424 1309 4477 eiulum

154 4503 252 4568 Pon,
272 4503 384 4555 elicium
404 4504 436 4570 Τ,
456 4521 524 4557 corr.
541 4504 683 4573 Egnatius
754 4509 785 4555 29
807 4502 968 4569 inquirebat
983 4508 1011 4555 X
1027 4505 1153 4571 (incorr.
1174 4522 1207 4557 ea:
1225 4521 1255 4555 re
1274 4506 1309 4572 L)
