<?xml version="1.0" encoding="UTF-8"?>
<!DOCTYPE html PUBLIC "-//W3C//DTD XHTML 1.0 Transitional//EN"
    "http://www.w3.org/TR/xhtml1/DTD/xhtml1-transitional.dtd">
<html xmlns="http://www.w3.org/1999/xhtml" xml:lang="en" lang="en">
 <head>
  <title>
</title>
<meta http-equiv="Content-Type" content="text/html;charset=utf-8" />
  <meta name='ocr-system' content='tesseract 3.04.00' />
  <meta name='ocr-capabilities' content='ocr_page ocr_carea ocr_par ocr_line ocrx_word'/>
</head>
<body>
  <div class='ocr_page' id='page_1' title='image "./csuetoniitranqu01suetgoog_0075.png"; bbox 0 0 3098 5110; ppageno 0'>
   <div class='ocr_carea' id='block_1_1' title="bbox 520 361 1301 428">
    <p class='ocr_par' dir='ltr' id='par_1_1' title="bbox 520 361 1301 428">
     <span class='ocr_line' id='line_1_1' title="bbox 520 361 1301 428; baseline 0.005 -12"><span class='ocrx_word' id='word_1_1' title='bbox 520 361 629 416; x_wconf 86' lang='lat' dir='ltr'>DIVVS</span> <span class='ocrx_word' id='word_1_2' title='bbox 647 363 766 418; x_wconf 84' lang='lat' dir='ltr'>IVLIVS</span> <span class='ocrx_word' id='word_1_3' title='bbox 785 373 936 424; x_wconf 66' lang='lat' dir='ltr'><strong>[cmo-11]</strong></span> <span class='ocrx_word' id='word_1_4' title='bbox 1280 363 1301 428; x_wconf 81' lang='lat'>5</span> 
     </span>
    </p>
   </div>
   <div class='ocr_carea' id='block_1_2' title="bbox 28 523 1354 3919">
    <p class='ocr_par' dir='ltr' id='par_1_2' title="bbox 28 523 1335 2210">
     <span class='ocr_line' id='line_1_2' title="bbox 152 523 1301 610; baseline 0.003 -23"><span class='ocrx_word' id='word_1_5' title='bbox 152 545 191 587; x_wconf 91' lang='lat' dir='ltr'><strong>eo</strong></span> <span class='ocrx_word' id='word_1_6' title='bbox 218 523 369 610; x_wconf 85' lang='lat' dir='ltr'><strong>magister</strong></span> <span class='ocrx_word' id='word_1_7' title='bbox 396 524 541 610; x_wconf 84' lang='lat' dir='ltr'><strong>equitum</strong></span> <span class='ocrx_word' id='word_1_8' title='bbox 565 526 725 591; x_wconf 90' lang='lat' dir='ltr'><strong>diceretur</strong></span> <span class='ocrx_word' id='word_1_9' title='bbox 747 527 985 610; x_wconf 84' lang='lat' dir='ltr'><strong>constitutaque</strong></span> <span class='ocrx_word' id='word_1_10' title='bbox 1013 526 1053 590; x_wconf 86' lang='lat' dir='ltr'><strong>ad</strong></span> <span class='ocrx_word' id='word_1_11' title='bbox 1075 525 1243 590; x_wconf 77' lang='lat' dir='ltr'><strong>arbitrium</strong></span> <span class='ocrx_word' id='word_1_12' title='bbox 1267 549 1301 590; x_wconf 90' lang='lat' dir='ltr'><strong>re</strong></span> 
     </span>
     <span class='ocr_line' id='line_1_3' title="bbox 151 629 1335 713; baseline 0.003 -21"><span class='ocrx_word' id='word_1_13' title='bbox 151 629 282 713; x_wconf 90' lang='lat' dir='ltr'><strong>publica</strong></span> <span class='ocrx_word' id='word_1_14' title='bbox 311 630 419 696; x_wconf 87' lang='lat' dir='ltr'><strong>Sullae</strong></span> <span class='ocrx_word' id='word_1_15' title='bbox 449 636 482 696; x_wconf 90' lang='lat' dir='ltr'><strong>et</strong></span> <span class='ocrx_word' id='word_1_16' title='bbox 508 630 668 698; x_wconf 78' lang='lat' dir='ltr'><strong>Autronio</strong></span> <span class='ocrx_word' id='word_1_17' title='bbox 699 632 884 698; x_wconf 91' lang='lat' dir='ltr'><strong>consulatus</strong></span> <span class='ocrx_word' id='word_1_18' title='bbox 912 633 1141 698; x_wconf 74' lang='lat' dir='ltr'>restitueretur.</span> <span class='ocrx_word' id='word_1_19' title='bbox 1192 632 1335 697; x_wconf 76' lang='lat' dir='ltr'><strong>memie</strong></span> 
     </span>
     <span class='ocr_line' id='line_1_4' title="bbox 151 736 1302 824; baseline 0.004 -25"><span class='ocrx_word' id='word_1_20' title='bbox 151 742 269 800; x_wconf 91' lang='lat' dir='ltr'><strong>nerunt</strong></span> <span class='ocrx_word' id='word_1_21' title='bbox 288 736 384 802; x_wconf 90' lang='lat' dir='ltr'><strong>huius</strong></span> <span class='ocrx_word' id='word_1_22' title='bbox 403 739 636 804; x_wconf 89' lang='lat' dir='ltr'><strong>coniurationis</strong></span> <span class='ocrx_word' id='word_1_23' title='bbox 650 739 811 804; x_wconf 78' lang='lat' dir='ltr'><strong>Tanusius</strong></span> <span class='ocrx_word' id='word_1_24' title='bbox 825 737 981 804; x_wconf 88' lang='lat' dir='ltr'><strong>Geminus</strong></span> <span class='ocrx_word' id='word_1_25' title='bbox 999 739 1034 803; x_wconf 93' lang='lat' dir='ltr'><strong>in</strong></span> <span class='ocrx_word' id='word_1_26' title='bbox 1052 739 1196 824; x_wconf 81' lang='lat' dir='ltr'><strong>historia,</strong></span> <span class='ocrx_word' id='word_1_27' title='bbox 1219 739 1302 804; x_wconf 86' lang='lat' dir='ltr'><strong>Mar-</strong></span> 
     </span>
     <span class='ocr_line' id='line_1_5' title="bbox 151 842 1301 930; baseline 0.002 -22"><span class='ocrx_word' id='word_1_28' title='bbox 151 863 210 908; x_wconf 92' lang='lat' dir='ltr'><strong>cus</strong></span> <span class='ocrx_word' id='word_1_29' title='bbox 228 842 365 908; x_wconf 90' lang='lat' dir='ltr'><strong>Bibulus</strong></span> <span class='ocrx_word' id='word_1_30' title='bbox 389 846 423 910; x_wconf 93' lang='lat' dir='ltr'><strong>in</strong></span> <span class='ocrx_word' id='word_1_31' title='bbox 446 843 568 930; x_wconf 86' lang='lat' dir='ltr'><strong>edictis,</strong></span> <span class='ocrx_word' id='word_1_32' title='bbox 592 844 625 909; x_wconf 94' lang='lat' dir='ltr'><strong>C.</strong></span> <span class='ocrx_word' id='word_1_33' title='bbox 646 845 742 911; x_wconf 89' lang='lat' dir='ltr'><strong>Curio</strong></span> <span class='ocrx_word' id='word_1_34' title='bbox 766 851 858 929; x_wconf 91' lang='lat' dir='ltr'><strong>pater</strong></span> <span class='ocrx_word' id='word_1_35' title='bbox 880 847 915 910; x_wconf 90' lang='lat' dir='ltr'><strong>in</strong></span> <span class='ocrx_word' id='word_1_36' title='bbox 938 847 1147 911; x_wconf 86' lang='lat' dir='ltr'><strong>orationibus.</strong></span> <span class='ocrx_word' id='word_1_37' title='bbox 1184 846 1301 910; x_wconf 88' lang='lat' dir='ltr'><strong>dehac</strong></span> 
     </span>
     <span class='ocr_line' id='line_1_6' title="bbox 123 950 1302 1036; baseline 0.002 -22"><span class='ocrx_word' id='word_1_38' title='bbox 123 950 333 1034; x_wconf 73' lang='lat' dir='ltr'><strong>asignificare</strong></span> <span class='ocrx_word' id='word_1_39' title='bbox 360 951 490 1016; x_wconf 86' lang='lat' dir='ltr'><strong>videtur</strong></span> <span class='ocrx_word' id='word_1_40' title='bbox 517 956 547 1017; x_wconf 89' lang='lat' dir='ltr'><strong>st</strong></span> <span class='ocrx_word' id='word_1_41' title='bbox 577 952 688 1018; x_wconf 86' lang='lat' dir='ltr'><strong>Cicero</strong></span> <span class='ocrx_word' id='word_1_42' title='bbox 716 953 750 1017; x_wconf 93' lang='lat' dir='ltr'><strong>in</strong></span> <span class='ocrx_word' id='word_1_43' title='bbox 783 953 919 1036; x_wconf 91' lang='lat' dir='ltr'><strong>quadam</strong></span> <span class='ocrx_word' id='word_1_44' title='bbox 947 954 988 1018; x_wconf 90' lang='lat' dir='ltr'><strong>ad</strong></span> <span class='ocrx_word' id='word_1_45' title='bbox 1015 952 1134 1016; x_wconf 85' lang='lat' dir='ltr'><strong>Axium</strong></span> <span class='ocrx_word' id='word_1_46' title='bbox 1163 953 1302 1036; x_wconf 79' lang='lat' dir='ltr'><strong>epistula</strong></span> 
     </span>
     <span class='ocr_line' id='line_1_7' title="bbox 149 1056 1302 1144; baseline 0.003 -24"><span class='ocrx_word' id='word_1_47' title='bbox 149 1056 232 1139; x_wconf 66' lang='lat' dir='ltr'><strong>&lt;fro</strong></span> <span class='ocrx_word' id='word_1_48' title='bbox 247 1058 281 1121; x_wconf 85' lang='grc' dir='ltr'><em>Ε</em></span> <span class='ocrx_word' id='word_1_49' title='bbox 300 1057 358 1122; x_wconf 90' lang='lat' dir='ltr'><strong>XI</strong></span> <span class='ocrx_word' id='word_1_50' title='bbox 373 1059 414 1142; x_wconf 84' lang='lat'><strong>5&gt;</strong></span> <span class='ocrx_word' id='word_1_51' title='bbox 428 1058 567 1124; x_wconf 88' lang='lat' dir='ltr'><strong>referens</strong></span> <span class='ocrx_word' id='word_1_52' title='bbox 583 1058 750 1124; x_wconf 88' lang='lat' dir='ltr'><strong>Caesarem</strong></span> <span class='ocrx_word' id='word_1_53' title='bbox 769 1059 802 1124; x_wconf 91' lang='lat' dir='ltr'><strong>in</strong></span> <span class='ocrx_word' id='word_1_54' title='bbox 825 1061 993 1124; x_wconf 79' lang='lat' dir='ltr'><strong>consulatu</strong></span> <span class='ocrx_word' id='word_1_55' title='bbox 1009 1060 1213 1126; x_wconf 87' lang='lat' dir='ltr'><strong>confirmasse</strong></span> <span class='ocrx_word' id='word_1_56' title='bbox 1232 1079 1302 1144; x_wconf 85' lang='lat' dir='ltr'><strong>reg·</strong></span> 
     </span>
     <span class='ocr_line' id='line_1_8' title="bbox 149 1165 1301 1252; baseline 0.001 -24"><span class='ocrx_word' id='word_1_57' title='bbox 149 1187 239 1248; x_wconf 93' lang='lat' dir='ltr'><strong>num,</strong></span> <span class='ocrx_word' id='word_1_58' title='bbox 262 1165 301 1228; x_wconf 92' lang='lat' dir='ltr'><strong>de</strong></span> <span class='ocrx_word' id='word_1_59' title='bbox 325 1187 389 1248; x_wconf 91' lang='lat' dir='ltr'><strong>quo</strong></span> <span class='ocrx_word' id='word_1_60' title='bbox 413 1165 525 1230; x_wconf 87' lang='lat' dir='ltr'><strong>aedilis</strong></span> <span class='ocrx_word' id='word_1_61' title='bbox 549 1167 715 1252; x_wconf 87' lang='lat' dir='ltr'><strong>cogitarat.</strong></span> <span class='ocrx_word' id='word_1_62' title='bbox 761 1165 920 1232; x_wconf 88' lang='lat' dir='ltr'><strong>Tanusius</strong></span> <span class='ocrx_word' id='word_1_63' title='bbox 944 1167 1041 1232; x_wconf 89' lang='lat' dir='ltr'><strong>adicit</strong></span> <span class='ocrx_word' id='word_1_64' title='bbox 1060 1165 1208 1231; x_wconf 80' lang='lat' dir='ltr'><strong>Crassum</strong></span> <span class='ocrx_word' id='word_1_65' title='bbox 1228 1188 1301 1249; x_wconf 89' lang='lat' dir='ltr'><strong>pae-</strong></span> 
     </span>
     <span class='ocr_line' id='line_1_9' title="bbox 149 1272 1300 1339; baseline 0.003 -5"><span class='ocrx_word' id='word_1_66' title='bbox 149 1273 288 1336; x_wconf 83' lang='lat' dir='ltr'><strong>nitentia</strong></span> <span class='ocrx_word' id='word_1_67' title='bbox 314 1272 367 1336; x_wconf 91' lang='lat' dir='ltr'><strong>uel</strong></span> <span class='ocrx_word' id='word_1_68' title='bbox 395 1277 483 1336; x_wconf 91' lang='lat' dir='ltr'><strong>metu</strong></span> <span class='ocrx_word' id='word_1_69' title='bbox 512 1273 595 1338; x_wconf 92' lang='lat' dir='ltr'><strong>diem</strong></span> <span class='ocrx_word' id='word_1_70' title='bbox 629 1274 717 1338; x_wconf 91' lang='lat' dir='ltr'><strong>caedi</strong></span> <span class='ocrx_word' id='word_1_71' title='bbox 747 1275 939 1339; x_wconf 85' lang='lat' dir='ltr'><strong>destinatum</strong></span> <span class='ocrx_word' id='word_1_72' title='bbox 967 1296 1034 1338; x_wconf 91' lang='lat' dir='ltr'><strong>non</strong></span> <span class='ocrx_word' id='word_1_73' title='bbox 1061 1273 1168 1338; x_wconf 88' lang='lat' dir='ltr'><strong>obisse</strong></span> <span class='ocrx_word' id='word_1_74' title='bbox 1196 1277 1228 1336; x_wconf 90' lang='lat' dir='ltr'><strong>et</strong></span> <span class='ocrx_word' id='word_1_75' title='bbox 1255 1273 1300 1338; x_wconf 93' lang='lat' dir='ltr'><strong>id-</strong></span> 
     </span>
     <span class='ocr_line' id='line_1_10' title="bbox 149 1377 1300 1466; baseline 0.003 -25"><span class='ocrx_word' id='word_1_76' title='bbox 149 1379 236 1442; x_wconf 91' lang='lat' dir='ltr'><strong>circo</strong></span> <span class='ocrx_word' id='word_1_77' title='bbox 255 1401 295 1442; x_wconf 92' lang='lat' dir='ltr'><strong>ne</strong></span> <span class='ocrx_word' id='word_1_78' title='bbox 311 1377 478 1444; x_wconf 88' lang='lat' dir='ltr'><strong>Caesarem</strong></span> <span class='ocrx_word' id='word_1_79' title='bbox 498 1379 628 1464; x_wconf 88' lang='lat' dir='ltr'><strong>quidem</strong></span> <span class='ocrx_word' id='word_1_80' title='bbox 648 1381 786 1466; x_wconf 89' lang='lat' dir='ltr'><strong>signum,</strong></span> <span class='ocrx_word' id='word_1_81' title='bbox 806 1382 893 1465; x_wconf 90' lang='lat' dir='ltr'><strong>quod</strong></span> <span class='ocrx_word' id='word_1_82' title='bbox 907 1381 947 1445; x_wconf 92' lang='lat' dir='ltr'><strong>ab</strong></span> <span class='ocrx_word' id='word_1_83' title='bbox 962 1403 1000 1446; x_wconf 91' lang='lat' dir='ltr'><strong>eo</strong></span> <span class='ocrx_word' id='word_1_84' title='bbox 1015 1381 1083 1446; x_wconf 90' lang='lat' dir='ltr'><strong>dari</strong></span> <span class='ocrx_word' id='word_1_85' title='bbox 1098 1384 1300 1463; x_wconf 89' lang='lat' dir='ltr'><strong>conuenerat,</strong></span> 
     </span>
     <span class='ocr_line' id='line_1_11' title="bbox 110 1483 1300 1574; baseline 0.003 -27"><span class='ocrx_word' id='word_1_86' title='bbox 110 1507 135 1546; x_wconf 80' lang='grc' dir='ltr'><strong>ιο</strong></span> <span class='ocrx_word' id='word_1_87' title='bbox 149 1483 289 1568; x_wconf 81' lang='lat' dir='ltr'><strong>dedisse3</strong></span> <span class='ocrx_word' id='word_1_88' title='bbox 313 1487 501 1550; x_wconf 88' lang='lat' dir='ltr'><strong>conuenisse</strong></span> <span class='ocrx_word' id='word_1_89' title='bbox 524 1491 632 1551; x_wconf 90' lang='lat' dir='ltr'><strong>autem</strong></span> <span class='ocrx_word' id='word_1_90' title='bbox 653 1486 749 1552; x_wconf 90' lang='lat' dir='ltr'><strong>Curio</strong></span> <span class='ocrx_word' id='word_1_91' title='bbox 774 1489 828 1571; x_wconf 90' lang='lat' dir='ltr'><strong>ait,</strong></span> <span class='ocrx_word' id='word_1_92' title='bbox 852 1491 889 1553; x_wconf 92' lang='lat' dir='ltr'><strong>ut</strong></span> <span class='ocrx_word' id='word_1_93' title='bbox 911 1491 1020 1574; x_wconf 86' lang='lat' dir='ltr'><strong>togam</strong></span> <span class='ocrx_word' id='word_1_94' title='bbox 1045 1487 1084 1552; x_wconf 92' lang='lat' dir='ltr'><strong>de</strong></span> <span class='ocrx_word' id='word_1_95' title='bbox 1103 1508 1213 1552; x_wconf 90' lang='lat' dir='ltr'><strong>umero</strong></span> <span class='ocrx_word' id='word_1_96' title='bbox 1238 1486 1300 1550; x_wconf 91' lang='lat' dir='ltr'><strong>dei·</strong></span> 
     </span>
     <span class='ocr_line' id='line_1_12' title="bbox 149 1591 1335 1660; baseline 0 -4"><span class='ocrx_word' id='word_1_97' title='bbox 149 1596 245 1656; x_wconf 88' lang='lat' dir='ltr'><strong>ceret.</strong></span> <span class='ocrx_word' id='word_1_98' title='bbox 282 1592 366 1656; x_wconf 93' lang='lat' dir='ltr'><strong>idem</strong></span> <span class='ocrx_word' id='word_1_99' title='bbox 391 1591 489 1656; x_wconf 86' lang='lat' dir='ltr'><strong>Curio</strong></span> <span class='ocrx_word' id='word_1_100' title='bbox 509 1593 564 1658; x_wconf 88' lang='lat' dir='ltr'><strong>sed</strong></span> <span class='ocrx_word' id='word_1_101' title='bbox 584 1599 616 1657; x_wconf 95' lang='lat' dir='ltr'><strong>et</strong></span> <span class='ocrx_word' id='word_1_102' title='bbox 634 1593 677 1658; x_wconf 89' lang='lat' dir='ltr'><strong>M.</strong></span> <span class='ocrx_word' id='word_1_103' title='bbox 691 1594 843 1660; x_wconf 88' lang='lat' dir='ltr'><strong>Actorius</strong></span> <span class='ocrx_word' id='word_1_104' title='bbox 861 1593 950 1658; x_wconf 87' lang='lat' dir='ltr'><strong>Naso</strong></span> <span class='ocrx_word' id='word_1_105' title='bbox 969 1599 1115 1660; x_wconf 88' lang='lat' dir='ltr'><strong>auctores</strong></span> <span class='ocrx_word' id='word_1_106' title='bbox 1134 1599 1209 1658; x_wconf 90' lang='lat' dir='ltr'><strong>sunt</strong></span> <span class='ocrx_word' id='word_1_107' title='bbox 1227 1615 1300 1658; x_wconf 91' lang='lat' dir='ltr'><strong>oon·</strong></span> <span class='ocrx_word' id='word_1_108' title='bbox 1320 1609 1335 1656; x_wconf 82' lang='lat'>³</span> 
     </span>
     <span class='ocr_line' id='line_1_13' title="bbox 149 1699 1299 1784; baseline 0.003 -23"><span class='ocrx_word' id='word_1_109' title='bbox 149 1699 289 1782; x_wconf 85' lang='lat' dir='ltr'><strong>spirasse</strong></span> <span class='ocrx_word' id='word_1_110' title='bbox 318 1720 390 1762; x_wconf 91' lang='lat' dir='ltr'><strong>eum</strong></span> <span class='ocrx_word' id='word_1_111' title='bbox 419 1699 516 1764; x_wconf 90' lang='lat' dir='ltr'><strong>etiam</strong></span> <span class='ocrx_word' id='word_1_112' title='bbox 545 1721 619 1764; x_wconf 91' lang='lat' dir='ltr'><strong>cum</strong></span> <span class='ocrx_word' id='word_1_113' title='bbox 653 1699 759 1766; x_wconf 79' lang='lat' dir='ltr'><strong>Gnaeo</strong></span> <span class='ocrx_word' id='word_1_114' title='bbox 786 1700 904 1765; x_wconf 80' lang='lat' dir='ltr'><strong>Pisone</strong></span> <span class='ocrx_word' id='word_1_115' title='bbox 936 1701 1151 1784; x_wconf 75' lang='lat' dir='ltr'><strong>adulescente,</strong></span> <span class='ocrx_word' id='word_1_116' title='bbox 1179 1701 1229 1764; x_wconf 88' lang='lat' dir='ltr'><strong>cui</strong></span> <span class='ocrx_word' id='word_1_117' title='bbox 1258 1700 1299 1764; x_wconf 95' lang='lat' dir='ltr'><strong>ob</strong></span> 
     </span>
     <span class='ocr_line' id='line_1_14' title="bbox 28 1805 1299 1893; baseline -0.002 -21"><span class='ocrx_word' id='word_1_118' title='bbox 28 1869 30 1872; x_wconf 77' lang='grc'>,</span> <span class='ocrx_word' id='word_1_119' title='bbox 148 1805 365 1888; x_wconf 86' lang='lat' dir='ltr'><strong>suspicionem</strong></span> <span class='ocrx_word' id='word_1_120' title='bbox 393 1806 534 1871; x_wconf 86' lang='lat' dir='ltr'><strong>urbanae</strong></span> <span class='ocrx_word' id='word_1_121' title='bbox 567 1807 798 1872; x_wconf 87' lang='lat' dir='ltr'><strong>coniurationis</strong></span> <span class='ocrx_word' id='word_1_122' title='bbox 830 1808 998 1891; x_wconf 90' lang='lat' dir='ltr'><strong>prouincia</strong></span> <span class='ocrx_word' id='word_1_123' title='bbox 1030 1807 1188 1893; x_wconf 88' lang='lat' dir='ltr'><strong>Hispania</strong></span> <span class='ocrx_word' id='word_1_124' title='bbox 1214 1807 1299 1871; x_wconf 91' lang='lat' dir='ltr'><strong>ultro</strong></span> 
     </span>
     <span class='ocr_line' id='line_1_15' title="bbox 149 1911 1299 1998; baseline 0.003 -23"><span class='ocrx_word' id='word_1_125' title='bbox 149 1917 242 1976; x_wconf 85' lang='lat' dir='ltr'><strong>extra</strong></span> <span class='ocrx_word' id='word_1_126' title='bbox 269 1911 414 1977; x_wconf 89' lang='lat' dir='ltr'><strong>ordinem</strong></span> <span class='ocrx_word' id='word_1_127' title='bbox 443 1914 517 1977; x_wconf 90' lang='lat' dir='ltr'><strong>data</strong></span> <span class='ocrx_word' id='word_1_128' title='bbox 546 1913 601 1998; x_wconf 81' lang='lat' dir='ltr'><strong>sit3</strong></span> <span class='ocrx_word' id='word_1_129' title='bbox 630 1916 825 1998; x_wconf 88' lang='lat' dir='ltr'><strong>pactumque</strong></span> <span class='ocrx_word' id='word_1_130' title='bbox 852 1918 889 1977; x_wconf 92' lang='lat' dir='ltr'><strong>ut</strong></span> <span class='ocrx_word' id='word_1_131' title='bbox 917 1913 1013 1978; x_wconf 91' lang='lat' dir='ltr'><strong>simul</strong></span> <span class='ocrx_word' id='word_1_132' title='bbox 1036 1915 1117 1979; x_wconf 83' lang='lat' dir='ltr'><strong>foris</strong></span> <span class='ocrx_word' id='word_1_133' title='bbox 1140 1914 1207 1998; x_wconf 91' lang='lat' dir='ltr'><strong>ille,</strong></span> <span class='ocrx_word' id='word_1_134' title='bbox 1232 1914 1299 1998; x_wconf 91' lang='lat' dir='ltr'><strong>ipse</strong></span> 
     </span>
     <span class='ocr_line' id='line_1_16' title="bbox 110 2017 1300 2106; baseline 0.003 -26"><span class='ocrx_word' id='word_1_135' title='bbox 110 2040 134 2080; x_wconf 77' lang='lat' dir='ltr'><strong>rs</strong></span> <span class='ocrx_word' id='word_1_136' title='bbox 148 2017 272 2082; x_wconf 85' lang='lat' dir='ltr'><strong>Romae</strong></span> <span class='ocrx_word' id='word_1_137' title='bbox 292 2018 400 2084; x_wconf 89' lang='lat' dir='ltr'><strong>adres</strong></span> <span class='ocrx_word' id='word_1_138' title='bbox 418 2041 520 2084; x_wconf 88' lang='lat' dir='ltr'><strong>nouas</strong></span> <span class='ocrx_word' id='word_1_139' title='bbox 539 2024 777 2106; x_wconf 81' lang='lat' dir='ltr'><strong>consurgerent,</strong></span> <span class='ocrx_word' id='word_1_140' title='bbox 800 2043 858 2104; x_wconf 91' lang='lat' dir='ltr'><strong>per</strong></span> <span class='ocrx_word' id='word_1_141' title='bbox 875 2020 1074 2085; x_wconf 88' lang='lat' dir='ltr'><strong>†Ambrancs</strong></span> <span class='ocrx_word' id='word_1_142' title='bbox 1094 2025 1125 2085; x_wconf 90' lang='lat' dir='ltr'><strong>et</strong></span> <span class='ocrx_word' id='word_1_143' title='bbox 1144 2019 1300 2103; x_wconf 85' lang='lat' dir='ltr'><strong>Transpa-</strong></span> 
     </span>
     <span class='ocr_line' id='line_1_17' title="bbox 148 2124 1149 2210; baseline 0.002 -22"><span class='ocrx_word' id='word_1_144' title='bbox 148 2125 264 2208; x_wconf 82' lang='lat' dir='ltr'><strong>danos3</strong></span> <span class='ocrx_word' id='word_1_145' title='bbox 288 2124 478 2190; x_wconf 90' lang='lat' dir='ltr'><strong>destitutum</strong></span> <span class='ocrx_word' id='word_1_146' title='bbox 502 2127 669 2210; x_wconf 82' lang='lat' dir='ltr'><strong>utriusque</strong></span> <span class='ocrx_word' id='word_1_147' title='bbox 693 2126 864 2192; x_wconf 90' lang='lat' dir='ltr'><strong>consilium</strong></span> <span class='ocrx_word' id='word_1_148' title='bbox 887 2131 991 2191; x_wconf 90' lang='lat' dir='ltr'><strong>morte</strong></span> <span class='ocrx_word' id='word_1_149' title='bbox 1013 2126 1149 2192; x_wconf 91' lang='lat' dir='ltr'><strong>Pisonis.</strong></span> 
     </span>
    </p>

    <p class='ocr_par' dir='ltr' id='par_1_3' title="bbox 148 2229 1354 2532">
     <span class='ocr_line' id='line_1_18' title="bbox 239 2229 1354 2318; baseline -0.002 -22"><span class='ocrx_word' id='word_1_150' title='bbox 239 2231 362 2296; x_wconf 88' lang='lat' dir='ltr'><strong>Aedilis</strong></span> <span class='ocrx_word' id='word_1_151' title='bbox 392 2236 519 2316; x_wconf 89' lang='lat' dir='ltr'><strong>praeter</strong></span> <span class='ocrx_word' id='word_1_152' title='bbox 549 2233 716 2297; x_wconf 93' lang='lat' dir='ltr'><strong>comitium</strong></span> <span class='ocrx_word' id='word_1_153' title='bbox 748 2255 785 2297; x_wconf 90' lang='lat' dir='ltr'><strong>ac</strong></span> <span class='ocrx_word' id='word_1_154' title='bbox 814 2233 921 2297; x_wconf 83' lang='lat' dir='ltr'><strong>forum</strong></span> <span class='ocrx_word' id='word_1_155' title='bbox 956 2233 1169 2318; x_wconf 86' lang='lat' dir='ltr'><strong>basilicasque</strong></span> <span class='ocrx_word' id='word_1_156' title='bbox 1201 2229 1354 2298; x_wconf 80' lang='lat' dir='ltr'><strong>etiamltl</strong></span> 
     </span>
     <span class='ocr_line' id='line_1_19' title="bbox 148 2337 1299 2425; baseline 0.003 -23"><span class='ocrx_word' id='word_1_157' title='bbox 148 2337 346 2422; x_wconf 80' lang='lat' dir='ltr'><strong>Capitolium</strong></span> <span class='ocrx_word' id='word_1_158' title='bbox 370 2339 498 2402; x_wconf 86' lang='lat' dir='ltr'><strong>ornauit</strong></span> <span class='ocrx_word' id='word_1_159' title='bbox 520 2339 699 2422; x_wconf 87' lang='lat' dir='ltr'><strong>porticibus</strong></span> <span class='ocrx_word' id='word_1_160' title='bbox 723 2341 762 2403; x_wconf 88' lang='lat' dir='ltr'><strong>ad</strong></span> <span class='ocrx_word' id='word_1_161' title='bbox 786 2344 913 2423; x_wconf 92' lang='lat' dir='ltr'><strong>tempus</strong></span> <span class='ocrx_word' id='word_1_162' title='bbox 937 2342 1100 2423; x_wconf 84' lang='lat' dir='ltr'><strong>extructis,</strong></span> <span class='ocrx_word' id='word_1_163' title='bbox 1123 2342 1158 2405; x_wconf 92' lang='lat' dir='ltr'><strong>in</strong></span> <span class='ocrx_word' id='word_1_164' title='bbox 1181 2340 1299 2425; x_wconf 91' lang='lat' dir='ltr'><strong>quibus</strong></span> 
     </span>
     <span class='ocr_line' id='line_1_20' title="bbox 148 2445 1299 2532; baseline 0.003 -24"><span class='ocrx_word' id='word_1_165' title='bbox 148 2445 332 2510; x_wconf 86' lang='lat' dir='ltr'><strong>abundante</strong></span> <span class='ocrx_word' id='word_1_166' title='bbox 361 2467 468 2509; x_wconf 90' lang='lat' dir='ltr'><strong>rerum</strong></span> <span class='ocrx_word' id='word_1_167' title='bbox 499 2446 592 2530; x_wconf 90' lang='lat' dir='ltr'><strong>copia</strong></span> <span class='ocrx_word' id='word_1_168' title='bbox 621 2468 695 2528; x_wconf 88' lang='lat' dir='ltr'><strong>pars</strong></span> <span class='ocrx_word' id='word_1_169' title='bbox 728 2452 901 2530; x_wconf 88' lang='lat' dir='ltr'><strong>apparatus</strong></span> <span class='ocrx_word' id='word_1_170' title='bbox 932 2453 1152 2532; x_wconf 83' lang='lat' dir='ltr'><strong>exponeretur.</strong></span> <span class='ocrx_word' id='word_1_171' title='bbox 1205 2470 1299 2511; x_wconf 76' lang='lat' dir='ltr'><strong>uena</strong></span> 
     </span>
    </p>

    <p class='ocr_par' dir='ltr' id='par_1_4' title="bbox 109 2551 1300 3066">
     <span class='ocr_line' id='line_1_21' title="bbox 109 2551 1300 2639; baseline 0.004 -28"><span class='ocrx_word' id='word_1_172' title='bbox 109 2574 135 2612; x_wconf 81' lang='lat' dir='ltr'><strong>so</strong></span> <span class='ocrx_word' id='word_1_173' title='bbox 147 2554 255 2617; x_wconf 91' lang='lat' dir='ltr'><strong>tiones</strong></span> <span class='ocrx_word' id='word_1_174' title='bbox 285 2556 393 2615; x_wconf 91' lang='lat' dir='ltr'><strong>autem</strong></span> <span class='ocrx_word' id='word_1_175' title='bbox 422 2551 579 2636; x_wconf 89' lang='lat' dir='ltr'><strong>ludosque</strong></span> <span class='ocrx_word' id='word_1_176' title='bbox 607 2555 642 2630; x_wconf 83' lang='lat' dir='ltr'><strong>et</strong></span> <span class='ocrx_word' id='word_1_177' title='bbox 672 2574 744 2617; x_wconf 91' lang='lat' dir='ltr'><strong>oum</strong></span> <span class='ocrx_word' id='word_1_178' title='bbox 773 2555 897 2639; x_wconf 88' lang='lat' dir='ltr'><strong>collega</strong></span> <span class='ocrx_word' id='word_1_179' title='bbox 926 2558 959 2617; x_wconf 92' lang='lat' dir='ltr'><strong>et</strong></span> <span class='ocrx_word' id='word_1_180' title='bbox 989 2555 1162 2638; x_wconf 79' lang='lat' dir='ltr'><strong>separatim</strong></span> <span class='ocrx_word' id='word_1_181' title='bbox 1190 2554 1300 2631; x_wconf 86' lang='lat' dir='ltr'><strong>edidit,</strong></span> 
     </span>
     <span class='ocr_line' id='line_1_22' title="bbox 148 2659 1298 2744; baseline 0.001 -21"><span class='ocrx_word' id='word_1_182' title='bbox 148 2681 212 2743; x_wconf 91' lang='lat' dir='ltr'><strong>quo</strong></span> <span class='ocrx_word' id='word_1_183' title='bbox 245 2659 367 2723; x_wconf 83' lang='lat' dir='ltr'><strong>factum</strong></span> <span class='ocrx_word' id='word_1_184' title='bbox 400 2662 462 2742; x_wconf 90' lang='lat' dir='ltr'><strong>est,</strong></span> <span class='ocrx_word' id='word_1_185' title='bbox 494 2663 531 2722; x_wconf 92' lang='lat' dir='ltr'><strong>ut</strong></span> <span class='ocrx_word' id='word_1_186' title='bbox 559 2660 779 2725; x_wconf 91' lang='lat' dir='ltr'><strong>communium</strong></span> <span class='ocrx_word' id='word_1_187' title='bbox 812 2681 941 2742; x_wconf 87' lang='lat' dir='ltr'><strong>quoque</strong></span> <span class='ocrx_word' id='word_1_188' title='bbox 971 2661 1177 2744; x_wconf 85' lang='lat' dir='ltr'><strong>inpensarum</strong></span> <span class='ocrx_word' id='word_1_189' title='bbox 1211 2662 1298 2726; x_wconf 89' lang='lat' dir='ltr'><strong>aolus</strong></span> 
     </span>
     <span class='ocr_line' id='line_1_23' title="bbox 147 2753 1298 2852; baseline 0.003 -23"><span class='ocrx_word' id='word_1_190' title='bbox 147 2765 286 2852; x_wconf 87' lang='lat' dir='ltr'><strong>gratiam</strong></span> <span class='ocrx_word' id='word_1_191' title='bbox 311 2769 438 2849; x_wconf 90' lang='lat' dir='ltr'><strong>caperet</strong></span> <span class='ocrx_word' id='word_1_192' title='bbox 460 2786 520 2829; x_wconf 92' lang='lat' dir='ltr'><strong>nec</strong></span> <span class='ocrx_word' id='word_1_193' title='bbox 538 2767 754 2830; x_wconf 87' lang='lat' dir='ltr'><strong>dissimularet</strong></span> <span class='ocrx_word' id='word_1_194' title='bbox 779 2766 903 2852; x_wconf 82' lang='lat' dir='ltr'><strong>collega</strong></span> <span class='ocrx_word' id='word_1_195' title='bbox 916 2753 988 2831; x_wconf 84' lang='lat' dir='ltr'><strong>¹eius</strong></span> <span class='ocrx_word' id='word_1_196' title='bbox 1008 2767 1136 2833; x_wconf 89' lang='lat' dir='ltr'><strong>Marcus</strong></span> <span class='ocrx_word' id='word_1_197' title='bbox 1154 2767 1298 2850; x_wconf 90' lang='lat' dir='ltr'><strong>Bibulus,</strong></span> 
     </span>
     <span class='ocr_line' id='line_1_24' title="bbox 147 2871 1298 2958; baseline 0.003 -21"><span class='ocrx_word' id='word_1_198' title='bbox 147 2873 323 2937; x_wconf 81' lang='lat' dir='ltr'><strong>evenisse</strong></span> <span class='ocrx_word' id='word_1_199' title='bbox 342 2871 419 2936; x_wconf 92' lang='lat' dir='ltr'><strong>sibi</strong></span> <span class='ocrx_word' id='word_1_200' title='bbox 438 2872 538 2954; x_wconf 92' lang='lat' dir='ltr'><strong>quod</strong></span> <span class='ocrx_word' id='word_1_201' title='bbox 557 2872 722 2937; x_wconf 91' lang='lat' dir='ltr'><strong>Polluci:</strong></span> <span class='ocrx_word' id='word_1_202' title='bbox 746 2878 787 2937; x_wconf 91' lang='lat' dir='ltr'><strong>ut</strong></span> <span class='ocrx_word' id='word_1_203' title='bbox 806 2874 905 2937; x_wconf 91' lang='lat' dir='ltr'><strong>enim</strong></span> <span class='ocrx_word' id='word_1_204' title='bbox 924 2874 1090 2958; x_wconf 88' lang='lat' dir='ltr'><strong>geminis</strong></span> <span class='ocrx_word' id='word_1_205' title='bbox 1109 2874 1298 2940; x_wconf 87' lang='lat' dir='ltr'><strong>fratribus</strong></span> 
     </span>
     <span class='ocr_line' id='line_1_25' title="bbox 148 2979 1299 3066; baseline 0 -22"><span class='ocrx_word' id='word_1_206' title='bbox 148 2980 258 3044; x_wconf 88' lang='lat' dir='ltr'><strong>aedes</strong></span> <span class='ocrx_word' id='word_1_207' title='bbox 283 2980 323 3042; x_wconf 94' lang='lat' dir='ltr'><strong>in</strong></span> <span class='ocrx_word' id='word_1_208' title='bbox 349 2979 434 3043; x_wconf 87' lang='lat' dir='ltr'><strong>foro</strong></span> <span class='ocrx_word' id='word_1_209' title='bbox 463 2981 679 3044; x_wconf 86' lang='lat' dir='ltr'><strong>constituta</strong></span> <span class='ocrx_word' id='word_1_210' title='bbox 707 2984 854 3044; x_wconf 86' lang='lat' dir='ltr'><strong>tantum</strong></span> <span class='ocrx_word' id='word_1_211' title='bbox 884 2979 1056 3045; x_wconf 88' lang='lat' dir='ltr'><strong>Castoris</strong></span> <span class='ocrx_word' id='word_1_212' title='bbox 1079 2985 1299 3066; x_wconf 88' lang='lat' dir='ltr'><strong>uocaretur,</strong></span> 
     </span>
    </p>

    <p class='ocr_par' dir='ltr' id='par_1_5' title="bbox 109 3084 1333 3598">
     <span class='ocr_line' id='line_1_26' title="bbox 109 3084 1298 3169; baseline 0.008 -25"><span class='ocrx_word' id='word_1_213' title='bbox 109 3087 335 3162; x_wconf 78' lang='lat' dir='ltr'><strong>acitasuam</strong></span> <span class='ocrx_word' id='word_1_214' title='bbox 364 3084 615 3169; x_wconf 82' lang='lat' dir='ltr'><strong>Caesarisque</strong></span> <span class='ocrx_word' id='word_1_215' title='bbox 643 3087 952 3150; x_wconf 88' lang='lat' dir='ltr'><strong>munificentiam</strong></span> <span class='ocrx_word' id='word_1_216' title='bbox 980 3088 1092 3152; x_wconf 87' lang='lat' dir='ltr'><strong>unius</strong></span> <span class='ocrx_word' id='word_1_217' title='bbox 1122 3087 1298 3153; x_wconf 79' lang='lat' dir='ltr'><strong>Caesaris</strong></span> 
     </span>
     <span class='ocr_line' id='line_1_27' title="bbox 147 3191 1333 3278; baseline -0.004 -21"><span class='ocrx_word' id='word_1_218' title='bbox 147 3194 232 3258; x_wconf 86' lang='lat' dir='ltr'><strong>dici.</strong></span> <span class='ocrx_word' id='word_1_219' title='bbox 278 3193 394 3257; x_wconf 89' lang='lat' dir='ltr'><strong>adiecit</strong></span> <span class='ocrx_word' id='word_1_220' title='bbox 421 3193 552 3276; x_wconf 90' lang='lat' dir='ltr'><strong>insuper</strong></span> <span class='ocrx_word' id='word_1_221' title='bbox 577 3191 694 3257; x_wconf 85' lang='lat' dir='ltr'><strong>Caesar</strong></span> <span class='ocrx_word' id='word_1_222' title='bbox 717 3193 812 3258; x_wconf 91' lang='lat' dir='ltr'><strong>etiam</strong></span> <span class='ocrx_word' id='word_1_223' title='bbox 837 3192 1065 3278; x_wconf 88' lang='lat' dir='ltr'><strong>gladiatorium</strong></span> <span class='ocrx_word' id='word_1_224' title='bbox 1090 3215 1220 3277; x_wconf 91' lang='lat' dir='ltr'><strong>munus,</strong></span> <span class='ocrx_word' id='word_1_225' title='bbox 1244 3195 1333 3258; x_wconf 76' lang='lat' dir='ltr'><strong>seda</strong></span> 
     </span>
     <span class='ocr_line' id='line_1_28' title="bbox 147 3299 1298 3385; baseline 0.003 -23"><span class='ocrx_word' id='word_1_226' title='bbox 147 3301 314 3384; x_wconf 86' lang='lat' dir='ltr'><strong>aliquanto</strong></span> <span class='ocrx_word' id='word_1_227' title='bbox 341 3299 548 3382; x_wconf 89' lang='lat' dir='ltr'><strong>paucioribus</strong></span> <span class='ocrx_word' id='word_1_228' title='bbox 577 3321 672 3382; x_wconf 87' lang='lat' dir='ltr'><strong>quam</strong></span> <span class='ocrx_word' id='word_1_229' title='bbox 702 3300 919 3364; x_wconf 85' lang='lat' dir='ltr'><strong>destinauerat</strong></span> <span class='ocrx_word' id='word_1_230' title='bbox 945 3300 1090 3385; x_wconf 81' lang='lat' dir='ltr'><strong>paribus3</strong></span> <span class='ocrx_word' id='word_1_231' title='bbox 1122 3322 1197 3364; x_wconf 86' lang='lat' dir='ltr'><strong>nam</strong></span> <span class='ocrx_word' id='word_1_232' title='bbox 1225 3322 1298 3365; x_wconf 90' lang='lat' dir='ltr'><strong>oum</strong></span> 
     </span>
     <span class='ocr_line' id='line_1_29' title="bbox 146 3405 1298 3491; baseline 0.001 -21"><span class='ocrx_word' id='word_1_233' title='bbox 146 3405 322 3490; x_wconf 89' lang='lat' dir='ltr'><strong>multiplici</strong></span> <span class='ocrx_word' id='word_1_234' title='bbox 354 3405 496 3488; x_wconf 92' lang='lat' dir='ltr'><strong>undique</strong></span> <span class='ocrx_word' id='word_1_235' title='bbox 533 3406 656 3470; x_wconf 87' lang='lat' dir='ltr'><strong>familia</strong></span> <span class='ocrx_word' id='word_1_236' title='bbox 693 3411 867 3489; x_wconf 86' lang='lat' dir='ltr'><strong>conparata</strong></span> <span class='ocrx_word' id='word_1_237' title='bbox 903 3407 1051 3471; x_wconf 87' lang='lat' dir='ltr'><strong>inimicos</strong></span> <span class='ocrx_word' id='word_1_238' title='bbox 1083 3409 1298 3491; x_wconf 86' lang='lat' dir='ltr'><strong>exterruisset,</strong></span> 
     </span>
     <span class='ocr_line' id='line_1_30' title="bbox 147 3512 1298 3598; baseline 0.002 -20"><span class='ocrx_word' id='word_1_239' title='bbox 147 3518 277 3578; x_wconf 90' lang='lat' dir='ltr'><strong>cautum</strong></span> <span class='ocrx_word' id='word_1_240' title='bbox 301 3518 351 3576; x_wconf 90' lang='lat' dir='ltr'><strong>est</strong></span> <span class='ocrx_word' id='word_1_241' title='bbox 375 3513 413 3576; x_wconf 92' lang='lat' dir='ltr'><strong>de</strong></span> <span class='ocrx_word' id='word_1_242' title='bbox 431 3535 565 3577; x_wconf 92' lang='lat' dir='ltr'><strong>numero</strong></span> <span class='ocrx_word' id='word_1_243' title='bbox 585 3512 809 3597; x_wconf 85' lang='lat' dir='ltr'><strong>gladiatorum,</strong></span> <span class='ocrx_word' id='word_1_244' title='bbox 833 3535 896 3597; x_wconf 92' lang='lat' dir='ltr'><strong>quo</strong></span> <span class='ocrx_word' id='word_1_245' title='bbox 915 3535 955 3578; x_wconf 89' lang='lat' dir='ltr'><strong>ne</strong></span> <span class='ocrx_word' id='word_1_246' title='bbox 975 3515 1128 3578; x_wconf 87' lang='lat' dir='ltr'><strong>maiorem</strong></span> <span class='ocrx_word' id='word_1_247' title='bbox 1149 3516 1298 3598; x_wconf 88' lang='lat' dir='ltr'><strong>cuiquam</strong></span> 
     </span>
    </p>

    <p class='ocr_par' dir='ltr' id='par_1_6' title="bbox 110 3619 553 3684">
     <span class='ocr_line' id='line_1_31' title="bbox 110 3619 553 3684; baseline 0.016 -7"><span class='ocrx_word' id='word_1_248' title='bbox 110 3621 265 3684; x_wconf 78' lang='lat' dir='ltr'><strong>rehabere</strong></span> <span class='ocrx_word' id='word_1_249' title='bbox 288 3619 411 3684; x_wconf 85' lang='lat' dir='ltr'><strong>Romae</strong></span> <span class='ocrx_word' id='word_1_250' title='bbox 435 3619 553 3684; x_wconf 90' lang='lat' dir='ltr'><strong>liceret.</strong></span> 
     </span>
    </p>

    <p class='ocr_par' dir='ltr' id='par_1_7' title="bbox 146 3719 1348 3919">
     <span class='ocr_line' id='line_1_32' title="bbox 237 3719 1348 3811; baseline 0.001 -20"><span class='ocrx_word' id='word_1_251' title='bbox 237 3726 416 3793; x_wconf 88' lang='lat' dir='ltr'><strong>Conciliato</strong></span> <span class='ocrx_word' id='word_1_252' title='bbox 443 3727 557 3811; x_wconf 91' lang='lat' dir='ltr'><strong>populi</strong></span> <span class='ocrx_word' id='word_1_253' title='bbox 584 3727 696 3790; x_wconf 86' lang='lat' dir='ltr'><strong>fauore</strong></span> <span class='ocrx_word' id='word_1_254' title='bbox 724 3728 897 3810; x_wconf 85' lang='lat' dir='ltr'><strong>temptauit</strong></span> <span class='ocrx_word' id='word_1_255' title='bbox 926 3749 984 3810; x_wconf 90' lang='lat' dir='ltr'><strong>per</strong></span> <span class='ocrx_word' id='word_1_256' title='bbox 1006 3731 1130 3809; x_wconf 86' lang='lat' dir='ltr'><strong>partem</strong></span> <span class='ocrx_word' id='word_1_257' title='bbox 1154 3719 1348 3792; x_wconf 89' lang='lat' dir='ltr'><strong>tribuno-ll</strong></span> 
     </span>
     <span class='ocr_line' id='line_1_33' title="bbox 146 3834 1297 3919; baseline 0.002 -22"><span class='ocrx_word' id='word_1_258' title='bbox 146 3857 229 3917; x_wconf 92' lang='lat' dir='ltr'><strong>rum,</strong></span> <span class='ocrx_word' id='word_1_259' title='bbox 252 3838 288 3899; x_wconf 92' lang='lat' dir='ltr'><strong>ut</strong></span> <span class='ocrx_word' id='word_1_260' title='bbox 312 3834 374 3898; x_wconf 90' lang='lat' dir='ltr'><strong>sibi</strong></span> <span class='ocrx_word' id='word_1_261' title='bbox 397 3834 567 3919; x_wconf 81' lang='lat' dir='ltr'><strong>Aegyptus</strong></span> <span class='ocrx_word' id='word_1_262' title='bbox 591 3835 759 3917; x_wconf 90' lang='lat' dir='ltr'><strong>prouincia</strong></span> <span class='ocrx_word' id='word_1_263' title='bbox 782 3834 870 3919; x_wconf 93' lang='lat' dir='ltr'><strong>plebi</strong></span> <span class='ocrx_word' id='word_1_264' title='bbox 893 3836 973 3898; x_wconf 89' lang='lat' dir='ltr'><strong>scito</strong></span> <span class='ocrx_word' id='word_1_265' title='bbox 998 3835 1139 3918; x_wconf 87' lang='lat' dir='ltr'><strong>daretur,</strong></span> <span class='ocrx_word' id='word_1_266' title='bbox 1162 3839 1297 3899; x_wconf 90' lang='lat' dir='ltr'><strong>nanctus</strong></span> 
     </span>
    </p>
   </div>
   <div class='ocr_carea' id='block_1_3' title="bbox 148 4097 1297 4569">
    <p class='ocr_par' dir='ltr' id='par_1_8' title="bbox 148 4097 1297 4569">
     <span class='ocr_line' id='line_1_34' title="bbox 221 4097 1297 4168; baseline 0.001 -17"><span class='ocrx_word' id='word_1_267' title='bbox 221 4105 234 4151; x_wconf 77' lang='lat'>7</span> <span class='ocrx_word' id='word_1_268' title='bbox 250 4099 392 4168; x_wconf 84' lang='lat' dir='ltr'><strong>cogitarat</strong></span> <span class='ocrx_word' id='word_1_269' title='bbox 405 4097 573 4166; x_wconf 66' lang='lat' dir='ltr'><strong>Y&#39;L2P’02,</strong></span> <span class='ocrx_word' id='word_1_270' title='bbox 594 4099 732 4168; x_wconf 84' lang='lat' dir='ltr'><strong>cogitaret</strong></span> <span class='ocrx_word' id='word_1_271' title='bbox 745 4100 801 4166; x_wconf 74' lang='lat' dir='ltr'><strong>rel,</strong></span> <span class='ocrx_word' id='word_1_272' title='bbox 821 4098 955 4168; x_wconf 86' lang='lat' dir='ltr'><strong>cogitarit</strong></span> <span class='ocrx_word' id='word_1_273' title='bbox 964 4099 1054 4153; x_wconf 82' lang='lat' dir='ltr'><strong>Polat</strong></span> <span class='ocrx_word' id='word_1_274' title='bbox 1126 4104 1142 4151; x_wconf 89' lang='lat'><em>8</em></span> <span class='ocrx_word' id='word_1_275' title='bbox 1158 4097 1249 4152; x_wconf 87' lang='lat' dir='ltr'><strong>abisse</strong></span> <span class='ocrx_word' id='word_1_276' title='bbox 1266 4099 1297 4168; x_wconf 76' lang='lat' dir='ltr'><strong>Q,</strong></span> 
     </span>
     <span class='ocr_line' id='line_1_35' title="bbox 148 4171 1295 4244; baseline 0.001 -13"><span class='ocrx_word' id='word_1_277' title='bbox 148 4178 241 4232; x_wconf 84' lang='lat' dir='ltr'><strong>adisse</strong></span> <span class='ocrx_word' id='word_1_278' title='bbox 261 4177 322 4232; x_wconf 80' lang='lat' dir='ltr'><strong>HR</strong></span> <span class='ocrx_word' id='word_1_279' title='bbox 428 4183 460 4231; x_wconf 91' lang='lat'><strong>10</strong></span> <span class='ocrx_word' id='word_1_280' title='bbox 490 4179 593 4232; x_wconf 88' lang='lat' dir='ltr'><strong>eiceret</strong></span> <span class='ocrx_word' id='word_1_281' title='bbox 615 4181 649 4244; x_wconf 85' lang='lat' dir='ltr'><strong>T,</strong></span> <span class='ocrx_word' id='word_1_282' title='bbox 679 4177 797 4233; x_wconf 87' lang='lat' dir='ltr'><strong>reiceret</strong></span> <span class='ocrx_word' id='word_1_283' title='bbox 816 4171 914 4232; x_wconf 79' lang='lat' dir='ltr'><strong>Burm.</strong></span> <span class='ocrx_word' id='word_1_284' title='bbox 1020 4185 1053 4233; x_wconf 82' lang='lat'><strong>12</strong></span> <span class='ocrx_word' id='word_1_285' title='bbox 1074 4179 1168 4232; x_wconf 82' lang='lat' dir='ltr'><strong>Gnaeo</strong></span> <span class='ocrx_word' id='word_1_286' title='bbox 1188 4196 1238 4233; x_wconf 66' lang='lat' dir='ltr'><strong>oue</strong></span> <span class='ocrx_word' id='word_1_287' title='bbox 1259 4179 1295 4232; x_wconf 89' lang='lat' dir='ltr'><strong>X&#39;</strong></span> 
     </span>
     <span class='ocr_line' id='line_1_36' title="bbox 149 4257 1296 4329; baseline 0.002 -18"><span class='ocrx_word' id='word_1_288' title='bbox 149 4265 180 4312; x_wconf 74' lang='lat'><strong>15</strong></span> <span class='ocrx_word' id='word_1_289' title='bbox 200 4257 373 4312; x_wconf 87' lang='lat' dir='ltr'><strong>Lambranos</strong></span> <span class='ocrx_word' id='word_1_290' title='bbox 392 4259 468 4328; x_wconf 75' lang='lat' dir='ltr'><strong>culp.</strong></span> <span class='ocrx_word' id='word_1_291' title='bbox 485 4267 548 4326; x_wconf 81' lang='lat' dir='ltr'><strong>post</strong></span> <span class='ocrx_word' id='word_1_292' title='bbox 562 4259 735 4324; x_wconf 79' lang='lat' dir='ltr'><strong>Sabellicum,</strong></span> <span class='ocrx_word' id='word_1_293' title='bbox 754 4258 909 4312; x_wconf 88' lang='lat' dir='ltr'><strong>Ambrones</strong></span> <span class='ocrx_word' id='word_1_294' title='bbox 928 4261 968 4313; x_wconf 87' lang='lat' dir='ltr'><strong>ed.</strong></span> <span class='ocrx_word' id='word_1_295' title='bbox 988 4261 1182 4313; x_wconf 77' lang='lat' dir='ltr'><strong>Bouou.1488</strong></span> <span class='ocrx_word' id='word_1_296' title='bbox 1202 4261 1296 4329; x_wconf 81' lang='lat' dir='ltr'><strong>(Bero-</strong></span> 
     </span>
     <span class='ocr_line' id='line_1_37' title="bbox 148 4338 1297 4408; baseline 0.001 -16"><span class='ocrx_word' id='word_1_297' title='bbox 148 4339 237 4404; x_wconf 62' lang='lat' dir='ltr'><strong>aldus</strong></span> <span class='ocrx_word' id='word_1_298' title='bbox 256 4338 414 4392; x_wconf 83' lang='lat' dir='ltr'><strong>Ambronas</strong></span> <span class='ocrx_word' id='word_1_299' title='bbox 435 4339 463 4394; x_wconf 91' lang='lat' dir='ltr'><strong>C.</strong></span> <span class='ocrx_word' id='word_1_300' title='bbox 480 4341 571 4393; x_wconf 84' lang='lat' dir='ltr'><strong>Bartb</strong></span> <span class='ocrx_word' id='word_1_301' title='bbox 589 4341 647 4408; x_wconf 80' lang='lat' dir='ltr'><strong>ul),</strong></span> <span class='ocrx_word' id='word_1_302' title='bbox 665 4338 817 4391; x_wconf 82' lang='lat' dir='ltr'><strong>Ambarros</strong></span> <span class='ocrx_word' id='word_1_303' title='bbox 841 4340 956 4403; x_wconf 79' lang='lat' dir='ltr'><strong>Urlichs,</strong></span> <span class='ocrx_word' id='word_1_304' title='bbox 975 4340 1115 4392; x_wconf 85' lang='lat' dir='ltr'><strong>Aruernos</strong></span> <span class='ocrx_word' id='word_1_305' title='bbox 1137 4342 1297 4406; x_wconf 73' lang='lat' dir='ltr'><strong>Momasson,</strong></span> 
     </span>
     <span class='ocr_line' id='line_1_38' title="bbox 148 4416 1297 4489; baseline 0.002 -19"><span class='ocrx_word' id='word_1_306' title='bbox 148 4416 306 4486; x_wconf 84' lang='lat' dir='ltr'><strong>Campanos</strong></span> <span class='ocrx_word' id='word_1_307' title='bbox 322 4417 440 4488; x_wconf 74' lang='lat' dir='ltr'><strong>Madvig</strong></span> <span class='ocrx_word' id='word_1_308' title='bbox 515 4425 546 4472; x_wconf 88' lang='grc'><strong>19</strong></span> <span class='ocrx_word' id='word_1_309' title='bbox 566 4435 712 4471; x_wconf 87' lang='lat' dir='ltr'><strong>munerum</strong></span> <span class='ocrx_word' id='word_1_310' title='bbox 729 4419 846 4485; x_wconf 78' lang='lat' dir='ltr'><strong>Gujetus</strong></span> <span class='ocrx_word' id='word_1_311' title='bbox 918 4435 969 4487; x_wconf 89' lang='lat' dir='ltr'><strong>par</strong></span> <span class='ocrx_word' id='word_1_312' title='bbox 979 4424 1008 4472; x_wconf 83' lang='lat' dir='ltr'><em>X</em></span> <span class='ocrx_word' id='word_1_313' title='bbox 1012 4419 1049 4489; x_wconf 66' lang='lat' dir='ltr'><strong>Q*</strong></span> <span class='ocrx_word' id='word_1_314' title='bbox 1122 4426 1154 4471; x_wconf 79' lang='lat'><strong>25</strong></span> <span class='ocrx_word' id='word_1_315' title='bbox 1170 4419 1297 4473; x_wconf 85' lang='lat' dir='ltr'><strong>Caesaris</strong></span> 
     </span>
     <span class='ocr_line' id='line_1_39' title="bbox 148 4498 1191 4569; baseline 0 -17"><span class='ocrx_word' id='word_1_316' title='bbox 148 4515 197 4553; x_wconf 77' lang='lat' dir='ltr'><strong>cra.</strong></span> <span class='ocrx_word' id='word_1_317' title='bbox 218 4500 245 4553; x_wconf 84' lang='lat' dir='ltr'><strong><em>V</em></strong></span> <span class='ocrx_word' id='word_1_318' title='bbox 259 4499 409 4568; x_wconf 79' lang='lat' dir='ltr'><strong>(praecedit</strong></span> <span class='ocrx_word' id='word_1_319' title='bbox 426 4499 545 4568; x_wconf 84' lang='lat' dir='ltr'><strong>umicur)</strong></span> <span class='ocrx_word' id='word_1_320' title='bbox 619 4507 651 4554; x_wconf 82' lang='lat'><strong>32</strong></span> <span class='ocrx_word' id='word_1_321' title='bbox 671 4499 818 4569; x_wconf 82' lang='lat' dir='ltr'><strong>plebiscito</strong></span> <span class='ocrx_word' id='word_1_322' title='bbox 844 4500 874 4566; x_wconf 87' lang='lat' dir='ltr'><strong>V,</strong></span> <span class='ocrx_word' id='word_1_323' title='bbox 900 4498 1081 4568; x_wconf 84' lang='lat' dir='ltr'><strong>plebisscito</strong></span> <span class='ocrx_word' id='word_1_324' title='bbox 1103 4500 1191 4552; x_wconf 69' lang='lat' dir='ltr'><strong>Gur</strong></span> 
     </span>
    </p>
   </div>
   <div class='ocr_carea' id='block_1_4' title="bbox 0 0 1554 5110">
    <p class='ocr_par' dir='ltr' id='par_1_9' title="bbox 0 0 1554 5110">
     <span class='ocr_line' id='line_1_40' title="bbox 0 0 1554 5110; baseline 0 0"><span class='ocrx_word' id='word_1_325' title='bbox 0 0 1554 5110; x_wconf 95' lang='lat' dir='ltr'><strong> </strong></span> 
     </span>
    </p>
   </div>
  </div>
 </body>
</html>
