3136 5100
481 394 590 448 DIVVS
609 394 788 449 CLAVDIVS
808 407 873 456 [cir.
889 410 976 458 rr—ao]
1219 401 1282 464 221

136 559 267 641 uiaeque
299 556 435 622 Iudaeae
468 559 668 641 praeposuit,
705 559 804 622 trium
837 561 1021 644 reginarum
1054 563 1220 646 mariturn3
1255 567 1285 627 εὴ

134 665 339 748 Harpocran,
368 665 419 728 cui
442 665 555 728 lectica
583 686 641 748 per
663 665 772 728 urbem
796 666 936 731 uehendi
961 668 1206 752 spectaculaque
1228 692 1285 752 pu·

134 771 220 835 blice
247 771 360 836 edendi
387 772 438 835 ius
466 771 595 852 tribuit3
623 793 660 834 ac
688 794 783 854 super
811 772 871 837 hos
899 773 1070 858 Polybium
1096 774 1136 837 ab
1161 777 1286 859 studiis,

136 879 194 961 qui
226 899 320 962 saepe
350 878 436 941 inter
466 878 547 942 duos
578 878 725 942 consules
756 879 955 961 ambulabat3
991 881 1046 944 scd
1077 885 1151 945 ante
1182 883 1286 946 omnis

106 983 328 1048 sNarcissum
356 984 397 1048 ab
427 985 575 1068 epistulis
599 990 631 1049 et
658 985 839 1053 Pallantem
862 987 1097 1070 arationibus,
1126 1009 1207 1072 quos
1236 988 1286 1052 de-

138 1098 226 1154 creto
251 1112 379 1175 quoque
403 1095 534 1155 senatus
558 1114 623 1156 non
646 1093 797 1175 praemiis
826 1093 922 1157 modo
947 1094 1147 1180 ingentibus,
1176 1096 1230 1158 sed
1256 1100 1287 1159 et

139 1197 333 1280 quaestoriis
361 1198 598 1282 praetoriisque
628 1199 825 1262 ornamentis
855 1199 1008 1263 honorari
1037 1200 1143 1264 libens
1172 1224 1287 1285 passus

139 1309 201 1388 est,
232 1307 360 1367 tantum
389 1307 554 1388 praeterea
585 1305 754 1388 adquirere
784 1309 816 1368 et
846 1328 973 1389 rapere,
1004 1310 1040 1370 ut
1069 1311 1221 1390 querente
1250 1329 1287 1373 eo

139 1411 302 1494 qnondam
326 1411 364 1474 de
382 1411 452 1474 fisci
473 1411 649 1495 exiguitate
667 1433 732 1475 non
752 1411 889 1476 absurde
909 1413 1030 1476 dictum
1050 1413 1101 1496 sit,
1121 1414 1287 1482 abunda-

94 1543 123 1581 ιο
139 1524 280 1600 turum,
300 1518 331 1580 si
352 1517 532 1583 aduobus
551 1517 708 1581 libertis
728 1519 766 1581 in
782 1519 1019 1582 consortium
1039 1521 1287 1605 reciperetur.

138 1623 199 1706 his,
209 1627 245 1687 ut
256 1624 376 1706 dixi<a
387 1625 459 1706 25),
470 1624 688 1708 uxoribusque
704 1625 859 1707 addictus,
873 1648 939 1689 non
953 1627 1132 1711 principem
1144 1627 1216 1712 [se],
1232 1628 1288 1692 sed
1297 1628 1340 1693 29

138 1730 325 1794 ministrum
349 1730 425 1815 egit,
449 1730 639 1814 compendio
664 1731 819 1814 cuiusque
842 1731 959 1796 horum
983 1733 1035 1796 uel
1059 1733 1156 1796 etiam
1180 1734 1287 1816 studio

139 1842 195 1900 aut
219 1836 353 1900 libidine
380 1836 519 1900 honores
544 1836 702 1900 exercitus
730 1837 941 1920 impunitates
970 1839 1128 1922 supplicia
1151 1839 1288 1924 largitus

139 1947 198 2026 est,
223 1947 254 2006 et
278 1942 409 2026 quidem
436 1943 575 2006 insciens
603 1943 792 2026 plerumque
816 1947 848 2007 et
872 1944 1012 2028 ignarus.
1055 1967 1091 2008 ac
1113 1967 1154 2008 ne
1178 1947 1288 2030 singil-

98 2073 125 2114 11
138 2050 233 2114 latim
258 2050 383 2113 minora
407 2071 534 2133 quoque
563 2071 760 2132 enumerem,
786 2055 952 2114 reuocatas
975 2050 1187 2115 liberalitates
1212 2053 1288 2135 eius,

140 2155 260 2219 iudicia
284 2156 428 2237 rescissa,
452 2156 639 2240 suppositos
663 2157 838 2220 autetiam
863 2157 971 2240 palam
991 2158 1178 2224 immutatos
1201 2158 1288 2222 dato-

139 2285 213 2334 rum
237 2262 419 2326 0fficiorum
439 2263 618 2327 codicillos:
642 2261 786 2345 Appium
802 2261 947 2326 Silanum
967 2286 1175 2328 consocerum
1195 2287 1289 2328 suum

140 2367 318 2452 Iuliasque,
337 2355 482 2433 'alteram
506 2368 618 2451 Drusi,
649 2369 781 2432 alteram
808 2368 988 2434 Germanici
1016 2371 1129 2444 filiam,
1158 2371 1290 2435 crimine

140 2477 263 2539 incerto
288 2497 346 2539 nec
370 2475 554 2539 defensione
578 2475 645 2538 ulla
669 2477 743 2538 data
767 2477 898 2559 occidit,
922 2478 998 2540 item
1024 2477 1079 2542 Cn.
1100 2477 1289 2561 Pompeium

99 2605 126 2644 ao
142 2581 274 2644 maioris
298 2580 384 2645 filiae
407 2582 513 2645 uirum
534 2586 566 2644 et
584 2581 620 2644 L.
640 2579 782 2645 Silanum
803 2584 937 2648 minoris
958 2606 1121 2668 sponsum.
1164 2606 1203 2648 ex
1222 2585 1324 2668 qui-a
1371 2641 1374 2648 .

141 2689 203 2750 bus
226 2687 401 2771 Pompeius
420 2689 454 2751 in
474 2688 645 2752 concubitu
666 2687 775 2752 dilecti
795 2690 1026 2754 adulescentuli
1046 2692 1214 2755 confossus
1233 2695 1291 2774 est,

142 2793 270 2858 Silanus
290 2794 440 2858 abdicare
458 2817 491 2857 se
510 2799 660 2877 praetura
680 2798 753 2858 ante
772 2793 845 2858 IIII.
860 2796 931 2860 Kal.
947 2793 1012 2859 Ian.
1032 2797 1177 2881 morique
1196 2799 1290 2862 initio

142 2899 217 2963 anni
243 2905 373 2964 coactus
397 2901 447 2964 die
471 2901 543 2985 ipso
568 2899 723 2985 Olaudiffl
749 2905 781 2964 et
798 2901 998 2986 Agrippinae
1022 2904 1216 2987 nuptiarum.
1257 2905 1292 2967 in

142 3008 286 3091 quinque
310 3012 343 3071 et
365 3007 502 3092 triginta
521 3012 685 3071 senatores
704 3011 929 3092 trecentosque
951 3010 1089 3093 amplius
1110 3011 1233 3093 equites
1252 3010 1290 3074 R.

216 3224 230 3269 3
251 3218 328 3284 Epit.
344 3221 399 3284 4,8
417 3217 566 3286 Polybium
590 3218 664 3272 inter
687 3218 815 3272 consules
838 3219 963 3273 medium
986 3220 1115 3274 incedere
1136 3220 1212 3273 fecit.
1241 3220 1291 3274 hos

142 3313 239 3350 omnes
264 3296 392 3350 anteibat
410 3297 558 3351 Narcissus
583 3298 618 3351 ab
638 3297 780 3367 epistulis,
806 3298 950 3352 dominum
969 3316 998 3352 se
1017 3317 1116 3368 gerens
1135 3301 1224 3368 ipsius
1244 3301 1292 3354 do-

141 3377 222 3442 mini,
240 3375 392 3444 Pallasque
407 3377 568 3446 (palamque
583 3380 752 3446 Lundolfus)
767 3379 915 3448 praetoriis
930 3380 1101 3433 ornamentis
1116 3380 1291 3434 sublimatus.

142 3459 177 3523 cf.
198 3457 285 3511 Schol.
301 3458 366 3510 Iun.
383 3462 425 3525 14,
434 3462 496 3512 329.
518 3465 541 3523 1,
553 3464 607 3513 109
684 3465 699 3512 8
721 3460 797 3527 Epit.
813 3463 867 3524 4,8
887 3459 957 3512 adeo
977 3459 1088 3525 diuites,
1108 3462 1140 3512 ut
1159 3464 1292 3514 causante

142 3556 176 3592 eo
204 3537 331 3606 inopiam
356 3537 428 3602 fisci,
455 3538 629 3607 lepidissime
657 3538 764 3593 famoso
791 3539 884 3609 elogio
907 3539 1054 3606 uulgatum
1079 3540 1116 3592 sit
1135 3541 1247 3594 abunde
1266 3541 1292 3594 ei

142 3618 294 3688 pecuniam
313 3616 381 3683 fore,
401 3619 424 3670 si
440 3635 457 3671 a
472 3619 581 3672 duobus
595 3618 705 3673 libertis
720 3620 749 3672 in
764 3621 928 3673 societatem
942 3620 1120 3688 reciperetur.
1178 3627 1208 3674 11
1226 3623 1291 3676 ibid.

142 3703 196 3764 4,3
216 3697 381 3751 libertorum
405 3700 434 3751 et
453 3699 580 3768 coniugis
599 3699 724 3767 imperiis
744 3700 886 3753 subiectus
906 3697 968 3752 fuit.
993 3701 1027 3766 cs.
1044 3699 1135 3755 Victor
1150 3702 1224 3756 Caes.
1240 3706 1292 3767 4,5

142 3777 315 3832 Messalinae
341 3777 467 3847 coniugis
494 3779 633 3846 simulque
658 3779 823 3833 libertorum
847 3780 1050 3844 delinimentis,
1078 3779 1180 3848 quibus
1205 3784 1293 3834 semet

144 3858 301 3912 dediderat.
393 3864 426 3910 23
449 3859 523 3912 Oros.
545 3860 606 3912 VII
622 3865 647 3926 6,
663 3865 698 3912 18
722 3877 810 3928 paruo
835 3863 929 3912 autem
952 3859 1143 3914 intercedente
1167 3864 1292 3929 tempore

142 3939 265 4006 triginta
284 3940 313 3990 et
332 3938 455 4006 quinque
476 3941 617 3992 senatores
637 3943 665 3992 et
684 3942 823 3992 trecentos
843 3938 926 3992 simul
950 3939 1059 4007 equites
1083 3941 1223 3993 Romanos
1242 3941 1292 3992 mi-

143 4018 229 4072 nimis
249 4017 341 4071 causis
360 4018 510 4072 interfecit.

217 4202 233 4248 6
256 4195 450 4263 indigentibus
473 4197 582 4250 MGRd
681 4199 695 4248 7
720 4197 812 4248 ornari
835 4199 867 4250 N
870 4214 886 4254 ς
912 4199 1008 4268 (unte.)
1103 4197 1223 4251 libenter
1244 4198 1294 4268 HQ

147 4283 176 4328 11
200 4293 229 4328 se
248 4276 298 4328 del.
317 4274 451 4330 Graecias
547 4281 579 4328 13
598 4275 767 4343 impunitate
783 4278 830 4342 M,
854 4279 923 4329 -tem
947 4278 1075 4348 Bentley,
1101 4279 1294 4331 immunitates

146 4357 262 4425 Lipsius
345 4361 377 4407 14
397 4358 440 4408 est
458 4358 507 4409 del.
524 4359 639 4425 Bentley
707 4363 739 4409 15
758 4372 886 4424 quaeque
906 4360 1013 4426 (quoq)
1030 4359 1090 4412 GX
1092 4361 1122 4410 H
1179 4364 1210 4411 17
1231 4375 1295 4412 con-

147 4452 269 4490 socerum
284 4439 313 4486 X
322 4438 388 4504 (non
405 4437 448 4504 Τ),
470 4437 591 4490 debuisse
610 4453 735 4489 socerum
755 4444 841 4490 censet
861 4438 1013 4492 Mommsen
1086 4443 1117 4491 19
1137 4438 1188 4491 ulli
1210 4439 1294 4493 Grue-

147 4520 208 4572 m'us
281 4519 315 4567 24
335 4517 430 4584 CCque
449 4517 513 4569 olim
532 4517 667 4570 Bucheiei·
738 4518 766 4568 et
781 4523 844 4584 post
862 4519 1058 4586 trecentosque
1078 4519 1140 4572 add.
1159 4519 1185 4573 G
