3108 5102
282 389 351 453 346
633 386 662 442 G.
682 387 839 444 SVETONI
857 387 1081 454 TRANQVILLI

285 551 502 637 appellaretur
524 552 625 616 aliter.
672 555 796 616 statuas
819 551 881 618 sibi
904 553 937 616 in
962 550 1124 636 Capitolio
1147 574 1213 617 non
1229 553 1296 616 nisi
1325 573 1428 616 aureas

284 663 317 724 et
340 663 508 745 argenteas
532 659 609 742 poni
628 659 775 741 permisit
798 680 836 724 ac
858 660 1010 743 ponderis
1033 661 1121 724 certi.
1163 658 1258 724 Ianos
1277 678 1429 742 arcusque

284 787 358 832 cum
382 766 549 851 quadrigis
572 771 604 828 et
627 765 809 850 insignibus
833 767 1074 849 triumphorum
1097 788 1155 850 per
1177 768 1327 852 regiones
1347 765 1430 830 urbis
1524 795 1525 808 κ

283 877 391 938 tantos
414 894 451 937 ac
469 875 520 937 tot
538 874 689 954 extruxit,
713 876 748 936 ut
768 873 894 936 cuidam
915 871 1033 936 Graece
1052 873 1243 957 inscriptum
1264 875 1325 938 sit:
1349 873 1430 936 arci.

249 995 266 1044 a
285 978 472 1044 consulatus
491 980 719 1062 septemdecim
738 980 833 1063 oepit,
852 983 932 1062 quot
946 983 1020 1044 ante
1034 1003 1107 1044 eum
1121 1001 1232 1064 nem03
1256 1001 1299 1044 ex
1319 979 1431 1062 quibus
1455 1006 1464 1046 s

283 1089 407 1171 septem
437 1087 560 1150 medios
589 1085 799 1167 continuauit‚
829 1107 939 1152 omnes
964 1090 1072 1152 autem
1094 1109 1195 1170 paene
1218 1087 1318 1152 titulo
1344 1089 1432 1149 tenus
1524 1147 1525 1154 ,

284 1193 384 1278 gessit
402 1213 461 1256 nec
480 1215 671 1276 quemquam
694 1193 779 1256 ultra
797 1192 867 1260 Kal.
876 1191 966 1276 Mai,
985 1192 1158 1277 plerosque
1177 1193 1217 1258 ad
1234 1192 1316 1258 Idus
1336 1213 1434 1276 usque

282 1299 454 1364 Ianuarias.
500 1303 575 1384 post
598 1303 705 1364 autem
730 1299 809 1364 duos
832 1300 1016 1384 triumphos
1037 1298 1218 1366 Germanici
1241 1300 1434 1387 cognomine

283 1412 450 1491 assumpto
466 1405 688 1491 Septembrem
703 1429 846 1470 mensem
861 1411 893 1471 et
913 1405 1085 1472 Octobrem
1104 1429 1144 1472 ex
1159 1406 1433 1491 appellationibus

283 1515 349 1578 suis
370 1513 594 1578 Germanicum
613 1513 900 1596 Domitianumque
918 1514 1200 1594 transnominauit‚
1224 1514 1315 1598 quod
1334 1513 1431 1577 altero
1446 1539 1466 1578 a

283 1622 475 1705 suscepisset
497 1619 678 1704 imperium,
701 1619 802 1684 altero
827 1624 921 1685 natus
946 1625 1038 1685 esset.

228 1723 274 1792 14
371 1727 433 1792 Per
455 1727 535 1792 haec
558 1727 713 1791 terribilis
742 1727 864 1792 cunctis
893 1731 926 1791 et
948 1727 1082 1810 inuisus,
1105 1729 1234 1793 tandem
1260 1748 1431 1814 oppressus

281 1838 329 1899 est
347 1837 375 1917 <.
387 1887 392 1899 .
405 1835 433 1920 .>
451 1835 627 1899 amicorum
650 1833 907 1917 libertorumque
930 1835 1119 1899 intimorum
1139 1835 1237 1900 simul
1257 1841 1289 1899 et
1315 1831 1431 1899 uxoris.
1508 1815 1512 1822 ⁵

280 1965 399 2006 annum
423 1942 572 2024 diemque
595 1941 746 2005 ultimum
775 1943 861 2005 uitae
887 1941 951 2005 iam
976 1941 1101 2025 pridem
1127 1946 1312 2026 suspectum
1340 1941 1432 2004 habe·

279 2048 348 2132 bat,
376 2048 488 2114 horam
517 2050 613 2112 etiam
644 2069 703 2112 noc
732 2069 797 2112 non
825 2052 858 2112 et
885 2071 988 2134 genus
1019 2047 1142 2113 mortis.
1189 2047 1430 2114 adulescentulo
1444 2070 1462 2110 a

280 2154 432 2222 Chaldaei
451 2161 566 2220 cuncta
580 2155 816 2240 praedixerant;
835 2159 927 2238 pater
941 2177 1069 2239 quoque
1088 2177 1185 2240 super
1204 2178 1317 2221 cenam
1334 2175 1430 2240 quon·

279 2261 352 2326 dam
371 2263 480 2347 iungis
500 2263 713 2327 abstinentem
728 2261 835 2347 palam
852 2263 994 2327 irriserat
1007 2267 1045 2326 ut
1059 2263 1208 2348 ignarum
1227 2265 1328 2328 sortis
1349 2282 1429 2342 suae,

243 2383 258 2430 2
279 2369 366 2453 quod
384 2392 451 2434 non
469 2369 590 2433 ferrum
610 2371 718 2453 potius
737 2371 873 2433 timeret.
911 2392 1008 2453 quare
1030 2370 1168 2454 pauidus
1187 2393 1316 2454 semper
1335 2375 1429 2452 atque

278 2476 391 2540 anxius
416 2477 558 2541 minimis
586 2477 682 2542 etiam
713 2477 951 2561 suspicionibus
979 2478 1260 2560 praetermodum
1289 2497 1428 2543 commo-

277 2603 490 2610 ——n—

350 2674 363 2720 1
384 2669 502 2738 Eutrop.
524 2670 639 2736 V1123‚
654 2669 794 2723 anoliam
813 2669 867 2723 sibi
882 2669 935 2723 nisi
955 2687 1069 2723 auream
1084 2675 1112 2726 et
1127 2673 1290 2741 argenteam
1305 2675 1426 2726 statuam

277 2749 306 2801 in
326 2748 466 2817 Capitolio
490 2765 587 2817 passus
611 2752 654 2803 est
676 2750 743 2818 poni
764 2751 852 2818 (Hier.
872 2752 963 2804 claron.
982 2769 1008 2804 u.
1023 2755 1116 2821 2107).
1196 2758 1212 2804 5
1232 2755 1340 2807 Aaron.
1359 2757 1425 2823 pret.

276 2835 328 2884 oct.
345 2834 371 2895 6,
385 2833 422 2883 27
441 2831 548 2898 septem
564 2847 596 2882 ac
611 2831 707 2884 decem
721 2829 877 2882 Domitiani
891 2830 1063 2904 consulatus,
1082 2849 1151 2900 quos
1168 2831 1217 2886 ille
1232 2832 1344 2886 inuidia
1359 2830 1425 2885 alios

275 2909 457 2979 prouehendi
479 2910 668 2964 continuando
698 2910 846 2963 conseruit.
937 2915 953 2962 8
979 2912 1070 2965 Victor
1094 2911 1168 2966 Caes.
1189 2917 1231 2980 11,
1251 2917 1268 2966 4
1292 2912 1376 2966 Dacis
1400 2911 1425 2962 et

276 2987 421 3044 Cattorum
444 3009 529 3043 manu
553 2990 671 3044 deuictis
695 2989 887 3058 Septembrem
907 2991 1111 3061 Octobremque
1134 3009 1243 3047 menses
1267 2988 1422 3047 Germanici

274 3071 455 3139 superiorem,
475 3088 489 3123 e
505 3088 553 3124 suo
568 3071 680 3124 nomine
696 3071 815 3123 alterum
830 3070 1031 3139 appellauerat.
1093 3077 1125 3125 12
1140 3074 1260 3140 Eutrop.
1277 3074 1424 3136 V1123,6

275 3168 338 3204 cum
358 3150 393 3206 ob
412 3152 518 3205 scelera
536 3150 673 3204 uniuersis
693 3167 791 3204 exosus
810 3167 869 3204 esse
889 3150 1039 3220 coepisset,
1063 3152 1228 3206 interfectus
1247 3155 1289 3207 est
1313 3169 1422 3208 suorum

274 3231 467 3285 coniuratione
491 3231 521 3283 in
540 3230 650 3284 Palatio
675 3232 764 3299 (Hier.
784 3233 874 3285 ebron.
894 3249 919 3285 a.
939 3236 1013 3285 2112
1035 3232 1109 3287 Oros.
1132 3234 1192 3287 VII
1203 3238 1245 3298 10,
1261 3238 1295 3301 7).
1336 3234 1422 3287 Victor

276 3313 350 3368 Ocea.
368 3317 409 3378 11,
424 3317 441 3364 7
459 3311 549 3380 magis
569 3310 714 3380 magisque
736 3311 856 3364 saeuitia
869 3311 972 3366 nimius
992 3329 1080 3382 eoque
1097 3313 1253 3382 suspectior
1267 3314 1355 3367 ctiam
1369 3312 1421 3366 suis
1521 3373 1522 3380 ¹

274 3391 438 3445 libertorum
453 3392 570 3445 consilio
585 3408 669 3445 uxore
683 3407 739 3445 non
753 3392 853 3461 ignara
868 3434 874 3445 .
891 3433 896 3444 .
913 3434 918 3444 .
934 3409 1037 3460 poenas
1056 3392 1117 3446 luit.
1151 3395 1230 3461 Epir,
1245 3399 1333 3460 11,11
1348 3393 1420 3447 metu
1521 3399 1522 3418 i

274 3471 450 3524 crudelitatis
469 3474 498 3525 et
517 3472 705 3526 conscientiae
719 3489 785 3524 suae
805 3473 985 3526 coniurauere
1000 3472 1127 3541 plerique
1143 3516 1149 3526 .
1165 3516 1171 3526 .
1188 3515 1193 3526 .
1210 3473 1319 3527 adscita
1339 3474 1420 3528 etiam

274 3551 304 3604 in
322 3551 470 3605 consilium
489 3553 602 3620 tyranni
620 3567 705 3606 uxore
725 3552 857 3606 Domitia.

345 3727 361 3773 2
381 3721 519 3774 cartianos
536 3724 597 3787 Ma,
612 3721 761 3776 Ceruianos
784 3724 808 3774 Τ
861 3727 877 3773 4
896 3723 940 3793 ac]
957 3724 1005 3774 aut
1023 3724 1053 3788 Y,
1068 3721 1100 3776 al
1115 3740 1148 3776 ac
1162 3723 1204 3776 11²
1258 3724 1317 3778 arci
1332 3724 1417 3786 Mat,

273 3801 328 3854 arti
346 3803 424 3869 Ma
439 3821 452 3855 ε
466 3819 498 3855 sa.
515 3801 530 3853 t
545 3803 621 3869 arci),
643 3803 720 3855 arcui
735 3806 769 3867 X,
784 3802 864 3868 nipast
886 3803 1040 3856 Turnebus:
1062 3803 1192 3858 ‘latinam
1210 3805 1324 3860 uerbum
1341 3821 1417 3875 quoe·
1520 3839 1521 3862 l

272 3882 401 3946 rendam,
427 3898 484 3936 aaa
501 3899 627 3952 praecum
646 3883 736 3949 donst’
753 3884 882 3952 Bentley,
905 3885 955 3951 qai
971 3890 1054 3938 aomo
1072 3887 1222 3940 coniecerat
1239 3891 1303 3941 ῑῑηῑ
1320 3887 1339 3939 i.
1355 3905 1418 3940 acra

273 3969 289 4014 ὁ
309 3962 515 4030 septemdecem
530 3965 649 4030 (septen-
661 3965 696 4030 R,
711 3982 758 4016 v11.
773 3983 791 4014 x
806 3967 847 4031 Π)
864 3964 900 4016 M
903 3966 927 4016 Y
939 3964 983 4031 (cf.
1000 3967 1105 4019 Aaron.
1120 3969 1217 4035 supro)
1284 3970 1353 4035 quot
1367 3970 1417 4027 cet

271 4042 332 4096 edd.
347 4049 409 4107 aet„
428 4043 502 4110 quod
517 4046 542 4095 a
598 4043 794 4112 8germanico
810 4045 979 4113 Retproa.
996 4046 1012 4098 l.
1029 4043 1071 4097 Π2
1128 4047 1283 4102 nomineG
1338 4047 1416 4102 tab·

271 4124 383 4191 sumpto
400 4123 507 4191 Mflqo
581 4129 613 4175 12
633 4124 747 4176 tandem
761 4140 829 4178 corr.
844 4141 878 4178 ec
896 4126 1006 4176 tantum
1022 4127 1059 4180 M
1071 4129 1114 4195 (m.
1131 4129 1157 4195 1)
1232 4133 1264 4181 lt
1279 4129 1415 4198 conspire·
1519 4143 1520 4184 i

271 4203 348 4256 tione
366 4209 427 4270 post
441 4203 604 4256 intimorum
621 4205 710 4272 suppl.
729 4201 825 4257 ‘P'ON
835 4207 907 4271 (post
919 4204 1012 4258 uxoris
1031 4207 1087 4260 eod.
1105 4207 1195 4275 Gaaelf.
1211 4209 1328 4279 Aupaet.
1343 4210 1415 4274 80,2

270 4299 339 4337 saec.
354 4284 428 4350 XV),
447 4282 558 4336 insidiis
573 4291 636 4337 ante
651 4283 804 4336 amicorum
820 4285 846 4338 G
860 4285 937 4338 ethic
951 4285 1047 4340 melius
1061 4287 1129 4354 (siae
1144 4287 1268 4342 consiliis
1283 4291 1342 4344 siue
1356 4305 1415 4344 oon-

272 4362 424 4430 spiratione
438 4363 497 4417 siae
511 4363 711 4430 coniuratione,
729 4364 764 4429 cf.
782 4365 876 4418 tesam.
891 4381 978 4432 sopra
992 4373 1017 4419 et
1034 4368 1129 4420 Herm.
1145 4371 1182 4420 36
1191 4385 1221 4436 p.
1235 4372 1315 4438 295),
1335 4368 1414 4424 desti·

271 4442 480 4576 fflsgplaciis
494 4450 559 4511 post
576 4443 670 4496 uxoris
685 4449 702 4498 d
775 4450 807 4496 16
828 4444 969 4511 quandam
985 4449 1017 4512 X,
1033 4445 1077 4518 <..
1089 4445 1156 4518 >da
1175 4449 1206 4501 ia
1220 4465 1305 4519 murp.
1319 4457 1415 4504 resecta

330 4563 336 4574 .
407 4525 467 4589 (oar.
481 4525 508 4592 p)
