3108 5102
277 342 342 406 312
628 340 657 396 O.
677 340 834 396 SVllTONI
852 339 1074 406 TRANQVILLI

278 509 309 570 et
336 505 410 568 inde
438 505 472 569 in
495 506 616 570 circum
640 504 824 588 deduceret3
852 525 889 568 ac
911 525 978 570 non
1000 503 1104 569 multo
1127 507 1204 590 post
1227 505 1363 568 comitia
1386 526 1431 567 se-

277 611 373 677 cundi
396 613 582 676 consulatus
605 613 736 675 ineunte
756 610 860 675 Galba
878 612 1061 695 statua<m>
1083 610 1161 675 Diui
1179 609 1243 675 Iuli
1261 612 1302 675 ad
1317 609 1432 676 Orien-

277 724 343 784 tem
358 722 473 803 sponte
487 717 727 802 conuersa<m>,
750 719 881 801 acieque
895 716 1103 800 Betriacensi,
1125 719 1216 803 prius
1232 741 1329 802 quam
1345 740 1432 783 com·

277 827 469 909 mitteretur,
493 826 572 889 duas
595 824 719 908 aquilas
742 825 777 888 in
801 828 976 907 conspectu
1000 826 1144 889 omnium
1169 825 1357 890 conflixisse
1386 826 1433 888 ui-

279 938 392 1016 ctaque
421 933 521 995 altera
549 931 772 1015 superuenisse
799 931 929 995 tertiam
957 930 999 994 ab
1021 933 1099 995 solis
1121 935 1237 996 exortu
1260 953 1298 995 ac
1320 932 1434 996 uictri·
1459 958 1470 996 a

232 1040 254 1105 6
279 1061 347 1104 cern
366 1039 520 1126 abegisse.
557 1060 617 1102 nee
635 1043 744 1102 tamen
762 1038 934 1123 quicquam
958 1043 1032 1102 ante
1052 1040 1233 1123 temptauit,
1255 1039 1434 1122 promptis-

278 1147 368 1211 simis
400 1149 497 1228 atque
530 1145 626 1208 etiam
659 1140 857 1209 instantibus
891 1146 971 1228 suis,
1006 1167 1103 1228 quam
1131 1145 1325 1210 sollicitatus
1356 1166 1434 1229 quo-

277 1254 412 1318 rundam
437 1257 470 1317 et
491 1253 678 1339 ignotorum
702 1257 734 1316 et
758 1252 940 1316 absentium
964 1252 1101 1317 fortuito
1125 1252 1245 1318 fauore.

243 1379 259 1427 a
367 1359 520 1425 Moesiaci
548 1359 707 1423 exercitus
736 1360 812 1423 bina
839 1382 857 1423 e
880 1358 986 1422 tribus
1009 1357 1193 1443 legionibus
1216 1359 1308 1423 milia
1332 1360 1436 1422 missa

279 1467 400 1530 auxilio
420 1464 551 1549 Othoni,
573 1471 748 1551 postquam
772 1466 927 1550 ingressis
951 1466 1013 1528 iter
1036 1465 1221 1528 nuntiatum
1241 1470 1290 1529 est
1308 1467 1471 1530 uictuma

202 1547 208 1568 ⁸
279 1595 352 1636 eum
376 1594 412 1636 ac
436 1573 504 1636 uim
528 1572 615 1636 uitae
639 1595 714 1636 suae
738 1571 894 1655 attulisse,
921 1571 1024 1637 nihilo
1049 1572 1149 1635 setius
1172 1571 1362 1655 Aquileiam
1386 1595 1436 1636 us-

280 1702 341 1763 que
363 1683 662 1765 perseuerauerunt,
692 1678 784 1762 quasi
808 1678 928 1743 rumori
953 1680 1061 1742 minus
1085 1677 1257 1742 crederent.
1304 1679 1355 1743 ibi
1379 1701 1436 1764 per

281 1787 481 1850 occasionem
502 1808 538 1849 ae
556 1786 720 1849 licentiam
739 1785 828 1849 omni
845 1787 1033 1869 rapinarum
1051 1805 1168 1870 genere
1187 1787 1337 1869 grassati,
1363 1808 1435 1850 oum

282 1894 432 1956 timerent
459 1916 499 1957 ne
529 1893 592 1958 sibi
620 1894 758 1956 reuersis
786 1891 947 1955 reddenda
970 1891 1054 1956 ratio
1078 1912 1115 1955 ac
1139 1891 1306 1956 subeunda
1329 1916 1436 1976 poena
1460 1925 1463 1930 ·

279 2004 373 2083 esset,
387 2000 557 2063 consilium
572 2000 715 2063 inierunt
734 1997 873 2082 eligendi
887 1996 1077 2082 creandique
1092 1998 1310 2083 imperatoris3
1328 2020 1435 2082 neque
1447 2022 1467 2060 a

279 2107 364 2171 enim
400 2106 573 2170 deteriores
607 2128 676 2169 esse
709 2109 764 2168 aut
791 2104 999 2188 Hispaniensi
1032 2104 1175 2168 exercitu
1204 2105 1259 2187 qui
1288 2104 1435 2188 Galbam,

280 2218 335 2277 aut
353 2214 558 2298 praetoriano
580 2212 635 2297 qui
656 2211 828 2293 Othonem,
847 2217 903 2275 aut
922 2211 1167 2275 Germaniciano
1187 2211 1243 2294 qui
1262 2211 1434 2276 Vitellium

245 2320 439 2386 sfecissent.
469 2320 647 2405 propositis
672 2320 780 2403 itaque
799 2318 985 2382 nominibus
1004 2317 1185 2404 legatorum
1206 2319 1434 2400 consularium,

281 2432 361 2511 quot
384 2427 504 2510 ubique
528 2431 606 2491 tunc
629 2430 728 2509 erant,
752 2448 824 2489 oum
849 2430 971 2489 ceteros
996 2425 1095 2489 alium
1120 2426 1183 2488 alia
1202 2424 1240 2488 de
1259 2447 1358 2489 causa
1378 2428 1433 2490 im-

279 2534 455 2619 probarent
478 2537 510 2598 et
534 2534 664 2618 quidam
688 2556 704 2597 e
728 2533 855 2616 legione
874 2533 979 2616 tertia,
1003 2554 1084 2616 quae
1104 2532 1163 2595 sub
1185 2531 1275 2595 exitu
1293 2530 1434 2598 Neronis
1446 2556 1468 2594 aa

280 2642 436 2704 translata
465 2663 504 2703 ex
528 2639 621 2724 Syria
649 2640 684 2704 in
707 2639 863 2702 Moesiam
887 2638 1003 2721 fuerat,
1026 2637 1259 2720 Vespasianum
1283 2638 1434 2702 laudibus

280 2747 409 2830 ferrent,
434 2769 595 2811 assensere
619 2748 726 2811 cuncti
749 2767 930 2829 nomenque
955 2747 1022 2809 eius
1046 2745 1174 2834 uerillis
1194 2746 1345 2810 omnibus
1367 2748 1434 2810 sine

281 2854 620 2937 morainscripserrmt.
642 2858 673 2916 et
683 2857 759 2916 tunc
769 2852 898 2935 quidem
909 2875 1092 2937 compressa
1101 2873 1153 2916 res
1163 2855 1214 2916 est
1222 2854 1386 2918 reuocatis
1396 2853 1434 2916 ad

282 2960 425 3026 officium
448 2962 591 3024 numeris
609 2981 790 3044 parumper.
831 2965 972 3025 ceterum
992 2960 1160 3044 diuulgato
1179 2958 1265 3023 facto
1284 2959 1433 3023 Tiberius

281 3068 463 3132 Alexander
469 3066 798 3152 praefectushegypti
807 3067 931 3150 primus
942 3067 976 3129 in
985 3066 1083 3130 uerba
1089 3065 1281 3150 Vespasiani
1290 3065 1433 3152 legiones
1446 3087 1468 3126 a

282 3175 391 3261 adegit
413 3174 485 3238 Kal.
505 3172 578 3258 Iul,
603 3174 659 3257 qui
682 3174 883 3258 principatus
906 3174 973 3237 dies
997 3159 1031 3236 in
1054 3177 1220 3257 posterum
1244 3173 1434 3237 obseruatus

282 3285 345 3365 est3
373 3279 521 3345 Iudaicus
545 3280 659 3344 deinde
683 3281 842 3344 exercitus
857 3279 896 3345 V.
912 3279 987 3344 ldus
1001 3279 1059 3343 lul.
1075 3279 1160 3363 apud
1179 3281 1286 3362 ipsum
1306 3280 1434 3344 iurauit.

357 3463 456 3523 15sqq.
477 3458 569 3510 Victor
585 3457 658 3510 Cosa.
675 3459 730 3520 8,3
749 3455 854 3508 milites
868 3455 1016 3523 praedicti,
1035 3457 1186 3523 postquam
1201 3453 1341 3508 Othonem
1355 3470 1434 3523 prae-

283 3536 376 3603 toriis,
396 3535 545 3588 Vitellium
564 3535 786 3589 Germanicianis
810 3535 970 3604 legionibus
993 3535 1101 3588 factum
1128 3551 1299 3604 comparere,
1324 3533 1433 3596 aemuli,

282 3618 316 3669 ut
339 3615 413 3668 inter
436 3632 465 3670 se
490 3615 593 3681 solent,
622 3633 656 3668 ne
680 3614 831 3668 dissimiles
853 3615 1029 3682 uiderentur,
1049 3615 1256 3684 Vespasianum
1279 3615 1433 3684 perpulere.

286 3696 361 3751 Oros.
379 3696 506 3761 V118,3
525 3696 560 3749 de
579 3695 717 3765 Hispania
741 3695 879 3764 siquidem
904 3695 970 3748 ilico
990 3694 1082 3748 Galba
1105 3697 1273 3762 surrexerat3
1298 3711 1354 3762 quo
1373 3710 1434 3748 mox

284 3793 416 3845 oppresso
441 3774 515 3829 Otho
538 3776 658 3841 Romae,
681 3774 814 3829 Vitellius
842 3776 872 3828 in
897 3775 1059 3843 Germania,
1083 3774 1273 3844 Vespasianus
1302 3775 1333 3828 in
1357 3775 1435 3844 Syria

283 3856 403 3925 imperia
422 3855 506 3909 simul
526 3859 610 3924 atque
630 3873 707 3909 arma
726 3859 887 3925 rapuerunt.

356 4013 371 4060 2
392 4011 515 4061 statuam
526 4040 559 4047 -
570 4024 735 4062 conuersum
754 4025 770 4066 ς
790 4007 859 4077 (edd.
870 4025 915 4076 pr.
933 4008 1023 4076 Rom.)
1079 4013 1094 4060 8
1114 4007 1284 4062 bretiacensi
1303 4006 1435 4077 (breciac-

286 4091 348 4155 LT,
366 4087 469 4141 bretie·
492 4091 528 4158 Τ)
547 4092 581 4157 a,
601 4088 728 4142 bebriac-
747 4090 822 4158 culp.
888 4090 1098 4142 concurreretur
1117 4089 1234 4158 Bentley
1307 4093 1434 4157 teuper-

284 4169 413 4222 euenisse
433 4169 470 4221 M
541 4169 607 4222 solis
627 4171 691 4221 ortu
712 4169 784 4234 ΤΠ,
803 4170 901 4221 exortu
920 4167 987 4221 solis
1006 4169 1060 4222 PT
1145 4173 1272 4222 tecm.
1288 4169 1352 4234 LP,
1376 4183 1435 4222 cum

284 4250 335 4305 ST
405 4255 437 4301 12
456 4251 592 4317 perseus?
609 4248 658 4303 M¹
731 4254 764 4302 16
785 4266 844 4302 esse
863 4247 1087 4320 <se>Bclcbeler
1154 4253 1186 4301 19
1206 4247 1256 4301 alii
1275 4247 1435 4301 aliumalia

285 4329 366 4383 POT
435 4329 619 4397 implorarent
637 4333 661 4382 Y
731 4335 765 4382 20
781 4329 895 4398 quidem
910 4330 946 4382 M
1018 4333 1051 4380 22
1067 4326 1198 4381 efferrent
1214 4327 1258 4382 Gd
1331 4334 1366 4381 24
1379 4345 1434 4380 mu·

285 4409 360 4462 neris
380 4412 408 4460 X
423 4414 448 4461 et
462 4426 516 4477 pro
534 4427 561 4463 a.
582 4411 598 4464 l.
619 4410 661 4462 11²
743 4415 776 4463 26
796 4409 895 4477 allegit
914 4408 985 4476 (adl-
1008 4409 1039 4478 Q)
1063 4410 1086 4460 Τ
1162 4413 1266 4461 26-27
1287 4408 1435 4477 quiesque

285 4487 350 4540 idus
369 4487 418 4540 iul.
439 4505 489 4543 om.
507 4489 601 4559 GH¹Q
673 4495 706 4544 27
726 4490 801 4560 idus]
820 4505 909 4543 nonas
928 4507 962 4544 ea
984 4490 1224 4543 Tac.leist.1179
1241 4487 1341 4543 celarat
1359 4487 1436 4542 mulli
