3142 5112
266 352 310 414 44
619 349 646 404 Ο.
668 351 824 405 SVETONI
843 350 1064 415 TRANQVILLI

267 517 364 597 atque
388 513 434 576 ita
457 514 562 577 tribus
586 518 618 579 et
642 514 761 601 uiginti
784 514 889 601 plagis
914 513 1080 578 confossus
1104 517 1152 577 est
1175 535 1239 577 nno
1259 514 1354 577 modo
1378 514 1414 577 ad

265 621 406 704 primum
429 620 529 684 ictum
553 621 678 707 gemitu
705 623 774 685 sine
801 642 881 684 uoce
910 620 1004 704 edite,
1031 619 1092 684 etsi
1119 619 1321 683 tradiderunt
1350 620 1413 702 qui-
1549 689 1550 700 2

233 727 341 791 adam
364 726 473 791 Marco
498 727 600 791 Bruto
628 727 765 791 irruenti
794 727 925 791 dixisse:
953 728 1008 791 καὶ
1036 729 1078 791 σὺ
1101 725 1232 804 τε’κνον;
1261 727 1414 790 exanimis
1549 719 1550 784 l

267 833 512 920 diffugientibus
540 834 664 898 cunctis
695 834 893 918 aliquamdiu
925 834 1040 917 iacuit,
1071 833 1173 897 donec
1199 833 1333 897 lecticae
1360 833 1415 896 im·

265 940 417 1025 positum,
441 940 638 1025 dependente
661 940 803 1025 brachio,
826 944 892 1004 tres
915 941 1035 1005 seruoli
1058 941 1189 1005 domum
1212 939 1414 1003 rettulerunt.
1439 966 1453 1003 s

266 1068 326 1111 nec
345 1047 379 1110 in
398 1050 448 1111 tot
466 1047 665 1132 uulneribus,
687 1051 725 1111 ut
743 1047 906 1112 Antistius
924 1047 1067 1111 medicus
1087 1045 1302 1129 existimabat,
1320 1046 1415 1110 letale

266 1155 368 1236 ullum
397 1159 558 1237 repertum
588 1159 648 1238 est,
675 1155 739 1218 nisi
767 1154 853 1238 quod
881 1153 1019 1217 secundo
1047 1154 1119 1217 loco
1148 1153 1182 1216 in
1209 1157 1339 1236 pectore
1367 1174 1414 1217 ac-

265 1265 402 1346 ceperat.

230 1381 246 1426 4
358 1367 478 1431 Fuerat
507 1369 633 1432 animus
657 1367 832 1431 coniuratis
861 1388 977 1451 corpus
1005 1367 1101 1432 occisi
1129 1367 1165 1430 in
1187 1366 1330 1430 Tiberim
1353 1371 1414 1430 tra-

265 1474 354 1554 here,
382 1474 468 1538 bona
495 1473 674 1558 publicare,
703 1476 774 1537 acta
802 1473 994 1557 rescindere,
1023 1472 1079 1536 scd
1105 1476 1194 1536 metu
1222 1472 1322 1536 Marci
1351 1472 1414 1536 An-
1429 1500 1455 1538 ro

213 1573 338 1643 83toni
355 1579 503 1644 ‘consulis
527 1585 558 1644 ct
581 1581 730 1665 magistri
752 1581 899 1663 equitum
922 1579 1036 1664 Lepidi
1060 1579 1262 1644 destiterunt.
1307 1584 1383 1664 post
1404 1617 1416 1626 ·

265 1686 353 1749 laute
385 1707 460 1771 ergo
491 1686 591 1751 Lucio
621 1686 739 1751 Pisone
769 1707 877 1752 socero
914 1690 1143 1751 testamentum
1173 1687 1242 1750 eius
1272 1686 1416 1769 aperitur

265 1792 483 1875 recitaturque
521 1794 554 1856 in
589 1792 712 1857 Antoni
749 1793 861 1877 domo,
899 1793 986 1876 quod
1021 1790 1133 1856 Idibus
1171 1791 1415 1877 Septembribus

265 1900 421 1983 proximis
452 1901 485 1962 in
514 1900 676 1964 Lauicano
707 1921 765 1963 suo
800 1900 919 1964 fecerat
952 1899 1263 1984 demandaueratque
1294 1897 1415 1986 uirgini

265 2004 390 2070 Vestali
423 2007 590 2071 maximae.
642 2005 781 2082 Quintus
813 2005 941 2071 Tubero
979 2007 1077 2070 tradit
1112 2006 1262 2070 heredem
1299 2007 1340 2071 ab
1378 2028 1414 2071 eo
1430 2032 1458 2070 ιε,

265 2112 361 2177 scribi
390 2113 523 2177 solitum
551 2136 589 2177 ex
623 2115 792 2177 consulatu
821 2115 923 2198 ipsius
956 2113 1061 2198 primo
1090 2135 1192 2198 nsque
1219 2113 1259 2177 ad
1287 2113 1415 2178 initium

265 2219 370 2284 ciuilis
401 2220 480 2284 belli
514 2218 570 2284 On.
598 2219 802 2304 Pompeium,
839 2219 935 2303 idque
972 2220 1131 2285 militibus
1168 2242 1228 2303 pro
1266 2219 1415 2283 contione

231 2327 447 2391 crocitatum.
494 2327 549 2391 sed
579 2327 757 2391 nouissimo
787 2330 979 2391 testamento
1012 2331 1078 2391 tres
1108 2327 1251 2390 instituit
1282 2324 1416 2390 heredes

265 2455 413 2497 sororum
441 2439 589 2519 nepotes,
619 2433 734 2498 Gaium
764 2433 935 2498 Octauium
964 2456 1003 2497 cx
1033 2433 1201 2518 dodrante,
1224 2437 1256 2496 et
1279 2432 1414 2496 Lucium

264 2538 432 2603 Pinarium
456 2543 488 2603 et
507 2538 663 2614 Quintum
682 2538 816 2603 Pedium
835 2562 874 2603 ex
893 2539 1069 2623 quadrante
1088 2539 1273 2624 reliquo[s];
1298 2539 1331 2603 in
1351 2539 1416 2604 ima
1432 2565 1460 2604 ao

266 2667 337 2708 cera
358 2643 473 2708 Gaium
493 2644 664 2710 Octauium
690 2647 787 2710 etiam
806 2648 841 2710 in
858 2646 1016 2711 familiam
1034 2669 1216 2730 nomenque
1234 2647 1416 2731 adoptauit,

264 2752 434 2834 plerosque
463 2773 688 2835 percussorum
717 2752 752 2815 in
778 2753 944 2816 tutoribus
968 2753 1029 2836 fili,
1057 2754 1084 2817 si
1108 2754 1165 2837 qui
1187 2752 1249 2817 sibi
1271 2774 1416 2818 nascere-

266 2862 328 2939 tur,
346 2858 536 2942 nominauit,
556 2859 724 2922 Decimum
739 2858 876 2922 Brutum
896 2860 993 2922 etiam
1017 2860 1050 2924 in
1070 2859 1216 2924 secundis
1234 2858 1417 2924 heredibus,

265 2965 386 3047 populo
423 2963 536 3030 hortos
574 2968 658 3029 circa
695 2966 838 3030 Tiberim
876 2967 1004 3050 publice
1042 2972 1073 3031 et
1114 2966 1238 3031 uiritim
1270 2972 1417 3030 trecenos

266 3072 430 3135 sestertios
453 3073 584 3158 legauit.
1434 3099 1461 3137 ss

213 3172 259 3238 84
354 3177 479 3242 Funere
498 3179 618 3242 indicto
638 3202 737 3266 rogus
756 3183 922 3244 extructus
941 3181 1041 3244 estin
1055 3181 1172 3246 Martio
1193 3203 1306 3264 campo
1325 3181 1418 3244 iuxta

265 3283 366 3348 Iuliae
393 3286 555 3350 tumulum
584 3290 616 3350 ct
644 3308 703 3370 pro
732 3288 847 3352 rostris
876 3293 987 3351 aurata
1020 3287 1112 3351 aedes
1140 3288 1179 3351 ad
1208 3287 1416 3352 simulacrum

264 3391 377 3474 templi
401 3391 535 3456 Veneris
561 3392 741 3457 Genetricis
766 3394 936 3479 collocata,
958 3394 1107 3481 intraque
1130 3395 1231 3458 lectus
1256 3395 1418 3458 eburneus

265 3521 344 3562 auro
368 3521 404 3562 ac
427 3522 570 3582 purpura
593 3505 713 3564 stratus
737 3504 768 3563 et
792 3500 832 3563 ad
856 3505 952 3584 eaput
975 3506 1143 3585 tropaeum
1167 3523 1239 3564 cum
1259 3505 1357 3577 ueste,
1381 3501 1418 3566 in

265 3627 328 3687 qua
351 3605 456 3668 fuerat
485 3607 616 3668 occisus
663 3607 917 3689 praeferentibus
942 3630 1087 3690 munera,
1119 3608 1194 3691 quia
1222 3609 1417 3672 suffecturus
1435 3633 1463 3671 ao

338 3805 349 3848 1
372 3799 489 3864 Eutrcp.
512 3801 555 3852 VI
569 3803 604 3852 25
634 3817 697 3851 cum
721 3802 833 3852 senatus
858 3801 903 3852 die
932 3801 1005 3853 inter
1031 3803 1137 3854 ceteros
1160 3801 1284 3854 uenisset
1308 3801 1343 3854 ad
1368 3818 1418 3854 cu-

264 3878 344 3941 riam,
365 3877 455 3929 tribus
475 3881 503 3931 et
522 3879 627 3947 uiginti
646 3879 810 3932 uulneribus
826 3881 969 3932 confossus
985 3883 1035 3934 est.
1060 3883 1094 3946 cf.
1109 3882 1182 3935 Oros
1201 3882 1331 3946 V117,1.
1355 3881 1417 3935 Va.

266 3959 303 4010 ill.
321 3963 365 4019 7⁸,
382 3963 416 4010 10
495 3963 597 4010 18—21
620 3978 645 4011 u.
666 3961 703 4012 cd
720 3962 792 4028 Aup.
810 3965 826 4012 7
842 3979 869 4028 p.
887 3965 959 4026 52st

337 4159 351 4203 2
376 4156 403 4204 ct
429 4154 467 4206 sic
488 4156 582 4222 ΕΜ),
614 4157 643 4206 et
666 4156 706 4208 sic
723 4158 763 4220 Π,
791 4155 838 4208 uel
862 4159 890 4209 et
913 4157 986 4209 sicut
1013 4157 1191 4210 tradiderunt
1211 4156 1260 4211 M2
1278 4159 1309 4210 in
1327 4175 1419 4228 scarp.

265 4239 280 4284 6
305 4232 428 4284 medicus
453 4235 545 4287 0ch
634 4241 664 4287 11
687 4235 766 4306 (M)
783 4236 882 4303 Lepidi
903 4238 990 4290 Polalc
1073 4243 1105 4289 15
1124 4237 1246 4290 maximo
1265 4237 1419 4304 aequintus

264 4313 405 4379 (equiutus
422 4318 447 4367 dt
465 4315 549 4367 lll'd
569 4319 611 4381 (ae
631 4315 782 4369 marendulio
802 4318 907 4369 litterae
922 4317 1124 4386 croccedeutr's),
1143 4317 1265 4370 Maxime
1282 4320 1315 4370 ut
1333 4317 1422 4384 quin—

264 4397 309 4446 tus
328 4394 365 4456 G,
390 4393 512 4446 Maxime
532 4395 646 4461 quintus
666 4400 688 4448 T
751 4401 783 4447 19
803 4397 910 4463 Nepost
926 4399 973 4462 M,
992 4413 1054 4464 neq.
1070 4399 1172 4465 nepote
1192 4399 1256 4464 post
1276 4399 1306 4461 V,
1329 4412 1418 4466 nepo-

264 4475 349 4526 temd
414 4474 506 4527 ctdel.
523 4476 596 4528 Torr.
662 4482 695 4528 21)
710 4476 817 4543 reliquo
829 4478 993 4546 l'qLilrsr'us)
1063 4483 1095 4530 22
1116 4477 1418 4546 quiMGd,quisrel.
