3108 5102
259 293 324 357 322
613 294 641 348 C.
661 294 818 348 SVETONI
836 293 1059 360 TRANQVILLI

223 475 238 521 2
348 455 512 533 Quendam
536 481 553 520 e
577 459 658 522 caris
681 459 836 521 ministris
866 457 1139 541 dispensationem
1165 457 1293 522 cuidam
1318 459 1407 540 quasi

258 565 351 629 fratri
373 567 534 649 petentem
559 586 631 628 cum
656 563 840 646 distulisset,
868 567 977 648 ipsum
1002 564 1211 629 candidatum
1234 565 1333 628 adse
1356 587 1408 628 uo·

260 673 359 757 cauit;
387 673 561 755 exactaque
591 673 735 755 pecunia,
764 676 915 754 quantam
946 674 974 736 is
1004 693 1077 735 cum
1110 672 1322 756 suffragatore
1352 693 1407 734 suo

259 779 436 864 pepigerat,
471 778 538 842 sine
565 801 655 842 mora
679 779 858 862 ordinauit3
890 778 1112 864 interpellanti
1144 800 1220 842 mox
1249 778 1408 842 ministro:

259 883 376 950 alium
396 883 490 969 tibi,
512 887 565 969 ait,
586 907 725 967 quaere
744 885 916 970 fratrem3
935 885 1010 967 hie,
1030 907 1139 969 quem
1158 889 1266 948 tuum
1285 889 1409 969 putas,
1435 913 1445 950 s

261 1014 366 1056 meus
390 996 457 1056 est.
503 992 678 1056 mulionem
703 993 738 1056 in
760 993 874 1056 itinere
894 994 1034 1076 quodam
1054 991 1237 1075 suspicatus
1261 993 1302 1054 ad
1321 992 1409 1055 calci-

260 1099 358 1164 andas
383 1099 487 1162 mulas
511 1099 685 1182 desiluisse,
709 1103 745 1163 ut
769 1100 902 1163 adeunti
926 1099 1085 1184 litigatori
1109 1100 1253 1182 spatium
1276 1120 1410 1162 moram-

261 1229 322 1290 que
345 1205 525 1290 praeberet,
549 1207 763 1291 interrogauit
787 1206 926 1290 quanti
951 1206 1171 1287 calciassst,
1199 1206 1275 1288 (et)
1297 1211 1410 1289 pactus

226 1317 310 1376 aest
333 1312 414 1377 lueri
438 1317 574 1397 partem.
610 1313 855 1396 reprehendenti
878 1313 946 1376 filio
967 1312 1052 1394 Tito,
1077 1311 1283 1397 quodetiam
1302 1314 1410 1375 urinae

261 1418 402 1506 uectigal
417 1423 616 1483 commentus
631 1424 723 1503 esset,
737 1421 905 1503 pecuniam
925 1441 963 1482 ex
978 1419 1083 1502 prima
1096 1419 1251 1502 pensione
1265 1419 1411 1482 admouit
1427 1447 1450 1483 ιο

261 1526 302 1591 ad
324 1548 430 1608 nares,
463 1525 629 1590 sciscitans
656 1547 743 1590 num
767 1526 882 1589 odore
909 1525 1191 1609 offenderetur,
1225 1529 1257 1589 et
1280 1525 1337 1589 illo
1360 1547 1412 1588 ne-

261 1637 371 1719 gante:
389 1634 537 1716 atquin,
551 1635 666 1718 inquit,
682 1655 698 1696 e
712 1633 810 1697 lotio
826 1637 891 1697 est.
917 1633 1098 1698 nuntiantis
1112 1634 1238 1718 legatos
1254 1632 1413 1697 decretam

262 1739 292 1804 ei
306 1739 434 1823 publice
448 1763 514 1804 non
528 1741 696 1803 mediocris
711 1761 854 1804 summae
877 1743 1017 1804 statuam
1036 1739 1223 1822 colosseum,
1246 1739 1342 1803 iussit
1360 1739 1411 1804 uel

261 1848 414 1912 continuo
447 1846 625 1930 ponerem,
663 1868 774 1910 cauam
807 1868 938 1909 manum
976 1849 1141 1910 ostentans
1177 1851 1208 1910 et
1240 1849 1412 1930 paratam

226 1971 242 2016 a
263 1955 383 2018 basim
402 1952 519 2017 dicens.
556 1975 593 2017 ac
617 1975 657 2017 ne
681 1952 715 2016 in
738 1956 827 2016 metu
852 1953 980 2036 quidem
1007 1975 1044 2016 ac
1063 1953 1207 2037 periculo
1227 1953 1343 2016 mortis
1363 1975 1413 2016 ex·
1428 1979 1450 2018 15

261 2067 365 2126 tremo
385 2059 541 2124 abstinuit
559 2062 648 2125 iocis.
686 2083 760 2124 nam
786 2081 857 2124 cnm
886 2062 969 2122 inter
994 2064 1098 2124 cetera
1121 2060 1271 2145 prodigia
1285 2057 1413 2122 Mauso-

261 2171 348 2233 leum
368 2168 537 2251 derepente
556 2167 713 2250 patuisset
732 2172 764 2232 et
783 2167 879 2231 stella
899 2167 1013 2233 crinita
1032 2167 1067 2230 in
1090 2169 1177 2231 caelo
1201 2166 1414 2250 apparuisset,

263 2275 400 2339 alterum
420 2274 458 2338 ad
474 2272 600 2338 Iuniam
616 2272 782 2338 Caluinam
798 2297 814 2338 e
830 2279 925 2359 gente
942 2274 1082 2360 Augusti
1099 2275 1263 2358 pertinere
1282 2272 1415 2353 dicebat,

264 2385 399 2446 alterum
437 2380 477 2446 ad
509 2379 702 2445 Parthorum
735 2403 844 2466 regem
884 2383 939 2465 qui
973 2379 1142 2464 capillatus
1175 2383 1271 2464 esset3
1312 2378 1414 2462 prima

264 2510 391 2572 quoque
415 2486 519 2551 morbi
544 2488 737 2551 accessione:
761 2509 843 2569 uae,
867 2488 983 2570 inquit,
1007 2490 1101 2571 puto
1125 2487 1215 2550 deus
1238 2486 1303 2550 fio.
1428 2513 1452 2551 so

213 2590 259 2656 24
354 2593 530 2659 Consulatu
557 2616 614 2658 suo
637 2616 723 2658 nono
747 2597 923 2677 temptatus
947 2595 981 2659 in
1006 2592 1181 2678 Campania
1205 2591 1414 2658 motiunculis

159 2680 394 2764 ³'⁷⁹¹''⁰'leuibus
424 2703 634 2785 protinusque
664 2701 743 2765 urbe
774 2703 919 2785 repetita,
951 2699 1085 2766 Cutilias
1113 2722 1150 2765 ac
1173 2700 1310 2765 Reatina
1334 2720 1415 2780 rura,

339 2864 436 2928 15sqq.
449 2861 525 2927 Epir.
538 2865 564 2924 9,
575 2864 650 2926 17sq.
663 2858 742 2912 seriis
752 2860 822 2923 ioca,
834 2859 936 2926 quibus
947 2858 1150 2924 delectabatur,
1161 2857 1319 2911 admiscens
1330 2857 1415 2910 inter-

264 2939 307 2993 iit.
328 2939 445 3008 qnippe.
454 2983 472 2992 ..
484 2957 547 2992 cum
558 2939 690 2992 crinitum
701 2939 778 2992 sidus
789 2939 978 3007 apparuisset:
990 2939 1075 3006 istud,
1085 2937 1187 3006 inquit,
1198 2936 1235 2990 ad
1244 2953 1342 3007 regem
1351 2936 1414 2990 Per-

266 3038 359 3074 sarum
368 3019 499 3087 pertinet,
511 3019 556 3072 eui
568 3019 632 3092 <est
642 3019 869 3091 udd.Lundolf.>
881 3018 1001 3087 capillus
1012 3017 1132 3072 effusior.
1185 3023 1216 3072 21
1224 3035 1285 3087 sqq.
1296 3019 1413 3086 Eutrop.

271 3101 334 3155 VII
341 3104 416 3166 20,2
435 3099 572 3168 profluuio
591 3099 698 3152 uentris
718 3099 857 3152 extinctus
877 3103 920 3152 est
939 3099 968 3152 in
986 3099 1057 3153 uilla
1075 3099 1190 3167 propria
1209 3098 1283 3152 circa
1298 3097 1415 3152 Sabinos

266 3182 340 3249 (baec
359 3197 392 3234 ec
408 3181 461 3234 Tit.
477 3185 519 3232 11.
536 3182 590 3248 10),
610 3195 714 3232 annum
734 3195 820 3248 agens
835 3180 938 3232 aetatis
956 3179 1160 3248 sexagesimum
1172 3195 1285 3244 nonum,
1306 3176 1414 3247 imperii

265 3277 370 3313 nonum
398 3262 426 3312 et
455 3261 529 3312 diem
559 3260 710 3327 septimum
734 3259 821 3329 (Oros.
843 3260 901 3313 VII
919 3264 996 3325 9,12
1023 3277 1096 3313 nono
1125 3275 1198 3313 anno
1221 3259 1416 3327 principatus).

266 3343 345 3408 Epir.
365 3344 392 3406 9,
407 3344 442 3392 17
462 3356 566 3393 annum
585 3356 671 3408 agens
690 3339 768 3393 uitae
788 3339 895 3406 absque
913 3357 969 3393 uno
989 3339 1228 3408 septuagesimum
1301 3338 1415 3392 interiit.

266 3425 343 3485 9,18
360 3420 467 3473 uentris
487 3419 580 3473 elnuie
599 3419 689 3473 fessus
710 3423 738 3473 et
752 3420 918 3488 adsurgens:
939 3422 1069 3488 stantem,
1088 3420 1137 3485 ait,
1157 3420 1356 3488 imperatorem
1373 3436 1416 3472 ex·

267 3501 364 3553 cedere
387 3500 468 3554 terris
492 3501 581 3554 decet.
625 3501 716 3555 Victor
736 3500 810 3554 Caes.
830 3505 905 3565 10,5
933 3517 996 3553 cum
1020 3499 1079 3554 eius
1098 3500 1177 3569 (Tira
1199 3502 1282 3567 pater
1306 3502 1416 3568 septua-

266 3580 372 3651 gesimo
392 3579 505 3646 obisset,
524 3581 678 3648 imperator
697 3579 833 3634 decennii.

313 3675 509 3758 immistus
529 3705 579 3760 del.
599 3707 717 3774 Lipsius
789 3704 804 3757 6
824 3703 967 3771 quondam
986 3707 1102 3774 Bentley
1176 3711 1190 3758 7
1210 3703 1361 3760 desiluisse
1376 3706 1417 3770 M,

268 3785 394 3840 desilisse
413 3787 513 3854 (desel-
532 3788 567 3855 P)
586 3787 633 3841 rel.
741 3784 856 3855 ligatori
878 3788 903 3838 Ῥ
919 3787 997 3854 (corr.
1017 3785 1065 3855 θ’)
1175 3791 1190 3839 8
1210 3785 1240 3838 et
1256 3788 1358 3854 pactus
1378 3787 1418 3839 est

267 3868 291 3921 Ι.
318 3867 450 3932 Gronau,
478 3867 577 3934 pactus
607 3869 635 3918 et
662 3868 792 3936 Bentley,
820 3869 975 3934 pactusque
1004 3869 1047 3920 est
1074 3866 1135 3925 11³3
1164 3867 1233 3935 (edd.
1261 3883 1302 3935 pr.
1328 3867 1416 3934 Rom.)

270 3970 302 4018 10
321 3950 449 4033 pulsione
470 3967 514 4030 M,
532 3964 667 4032 pensione
686 3965 759 4020 (3er
834 3970 866 4018 12
886 3963 986 4030 atquin
1006 3966 1049 4029 M,
1069 3963 1148 4032 atqui
1166 3965 1213 4018 rel.
1233 3971 1259 4018 er
1276 3964 1311 4018 N
1325 3965 1418 4018 sarira

264 4051 335 4114 palo
406 4045 568 4098 nuntiantes
587 4045 697 4112 legatos
718 4043 854 4109 GLT‘N,
877 4042 1023 4097 nuncianti
1041 4043 1137 4112 legato
1157 4063 1185 4111 ς,
1211 4043 1361 4097 nuntiante
1380 4043 1417 4097 le-

267 4125 335 4194 gato
352 4124 422 4180 Oud.
496 4130 528 4176 13
544 4124 637 4195 ei]‘rei
653 4127 678 4177 Τ
754 4129 787 4176 14
801 4141 904 4193 ponere
919 4125 1034 4194 Bentley
1049 4126 1178 4193 (Bam),
1196 4126 1314 4193 poneret
1329 4124 1418 4188 MGo',

268 4207 405 4273 ponerent
418 4205 464 4258 rel.
479 4211 505 4260 ct
518 4204 550 4256 N
558 4205 658 4274 (culp,
676 4206 709 4256 nt
723 4219 782 4273 pro·
791 4204 839 4257 uel
854 4221 923 4272 pars
936 4205 1016 4272 αἰῶ),
1034 4221 1138 4272 ponere
1152 4206 1182 4258 et
1195 4205 1270 4259 Roth
1326 4211 1358 4257 15
1373 4221 1419 4256 ex·

267 4287 357 4338 tremo
376 4298 426 4338 om.
448 4288 473 4337 Τ
555 4289 587 4336 17
606 4287 722 4351 repente
743 4284 769 4338 G
849 4289 882 4337 20
901 4300 954 4337 nas
974 4286 1019 4352 (ue
1039 4285 1123 4340 LHR
1141 4286 1189 4355 al.)
1208 4286 1243 4350 a,
1260 4286 1294 4336 ut
1313 4303 1330 4342 ς
1348 4283 1417 4354 (edd.

267 4366 370 4432 princ,
398 4364 498 4434 walp),
526 4366 698 4418 coniecerunt
715 4363 846 4418 uah'nae
863 4367 895 4418 at
914 4363 970 4418 eu'
1057 4370 1090 4418 22
1115 4363 1228 4418 cutillas
1246 4365 1286 4429 a,
1313 4380 1418 4422 cerrus

269 4443 446 4514 (Beroaldus)
