3136 5100
495 394 604 447 DlVVS
624 395 802 450 CLAVDIVS
823 407 993 457 [omit-1⁷]
1254 398 1326 460 2112

168 556 301 643 redegit.
343 577 401 621 nec
425 578 618 640 quemquam
642 559 706 621 nisi
730 580 787 622 sua
806 579 894 644 uoce,
917 563 1090 643 utcumque
1110 559 1182 642 quia
1201 564 1319 643 posset,

170 685 206 726 ac
230 663 299 726 sine
321 667 459 746 patrono
490 664 647 730 rationem
677 665 763 729 uitae
785 687 899 749 passus
928 670 978 730 est
1000 666 1138 730 reddere.
1180 667 1319 730 notauit·
1356 701 1361 714 ·

170 791 232 852 que
251 769 380 850 multos,
404 774 436 833 et
456 770 610 855 quondam
634 771 832 854 inopinantis
857 776 889 837 et
912 794 950 836 ex
974 794 1069 836 causa
1088 772 1165 836 noui
1184 773 1319 858 generis,

170 876 257 959 quod
286 897 319 940 re
347 877 449 940 inscio
478 899 514 940 ac
543 877 611 941 sine
641 883 821 942 commeatu
850 878 945 943 Italia
972 879 1195 963 excessissent3
1224 901 1321 963 quen-

139 1005 152 1044 a
172 982 244 1044 dam
268 1003 345 1046 nero
370 986 403 1046 et
426 983 512 1066 quod
536 1005 642 1048 comes
665 985 752 1070 regis
776 985 810 1048 in
833 985 1000 1069 prouincia
1023 986 1146 1069 diisset,
1170 985 1320 1069 referens,

83 1097 86 1102 ’
168 1089 329 1152 maiorum
357 1089 558 1173 temporibus
587 1089 722 1154 Rabirio
749 1090 905 1156 Postumo
933 1091 1155 1157 Ptolemaeum
1182 1091 1320 1156 Alexan-

169 1196 273 1258 driam
302 1197 417 1261 crediti
446 1197 595 1261 seruandi
624 1219 719 1261 causa
748 1203 857 1262 secuto
886 1200 1006 1263 crimen
1034 1199 1211 1262 maiestatis
1235 1199 1320 1283 apud

169 1302 292 1366 iudices
320 1308 453 1369 motum.
495 1305 605 1388 plures
633 1308 746 1370 notare
774 1311 920 1391 conatus,
948 1329 1067 1393 magna
1090 1306 1354 1389 inquisitoruma

168 1410 373 1496 neglegentia
402 1411 458 1474 sed
486 1432 544 1475 suo
568 1411 690 1476 maiore
713 1413 880 1497 dedecore,
908 1413 1058 1476 innoxios
1081 1413 1148 1477 fere
1170 1413 1321 1497 repperit,

123 1537 152 1576 ιο
169 1515 428 1600 quibuscumque
456 1517 647 1582 caelibatum
676 1523 733 1583 aut
761 1519 933 1584 orbitatem
966 1523 1022 1582 aut
1050 1523 1225 1605 egestatem
1254 1519 1321 1583 obi-

169 1626 267 1707 ceret,
291 1623 439 1708 maritos,
463 1628 584 1710 patres,
608 1625 778 1709 opulentos
804 1647 836 1688 se
864 1626 1091 1710 probantibus3
1121 1647 1158 1689 eo
1182 1625 1320 1711 quidem,

169 1729 228 1810 qui
252 1729 382 1794 sibimet
405 1731 473 1793 uim
502 1730 587 1795 ferro
612 1731 759 1795 intulisse
788 1718 1005 1818 arguebatuq'
1022 1732 1178 1796 inlaesum
1202 1722 1319 1814 corpus

167 1839 259 1900 ueste
289 1837 435 1920 deposita
470 1841 659 1902 ostentante.
701 1839 832 1902 fuerunt
864 1843 897 1903 et
929 1839 986 1901 illa
1017 1839 1050 1903 in
1084 1860 1217 1902 censura
1249 1839 1354 1902 eius4

166 1941 339 2027 notabilia,
378 1944 465 2026 quod
497 1944 644 2008 essedum
682 1930 868 2031 argenteum
904 1949 1092 2029 sumptuose
1124 1945 1318 2008 fabricatum

123 2069 150 2108 15
167 2069 205 2112 ac
235 2050 347 2116 uenale
377 2050 417 2113 ad
446 2049 611 2137 Sigillaria
640 2052 754 2118 redimi
779 2052 968 2136 concidique
998 2073 1105 2116 coram
1133 2051 1318 2135 imperauit3

167 2156 318 2238 quodque
341 2179 405 2221 uno
430 2157 481 2222 die
503 2157 565 2221 XX
589 2159 692 2222 edicta
715 2159 898 2244 proposuit,
926 2159 1010 2222 inter
1033 2179 1115 2241 quae
1138 2159 1214 2241 duo,
1240 2179 1318 2240 quo-

166 2283 240 2324 rum
259 2262 360 2327 altero
381 2264 581 2348 admonebat,
601 2269 637 2328 ut
655 2265 747 2328 uberi
765 2265 933 2330 uinearum
951 2269 1112 2349 prouentu
1131 2265 1211 2329 bene
1231 2264 1318 2327 dolia
1366 2274 1370 2310 ’-

165 2369 363 2454 picarentur3
401 2370 517 2454 altero,
549 2371 631 2434 nihil
664 2393 763 2454 aeque
795 2372 898 2437 facere
931 2373 971 2436 ad
1007 2372 1136 2455 uiperae
1173 2357 1317 2435 morsum

167 2498 263 2559 quam
287 2476 355 2540 taxi
379 2476 504 2541 arboris
528 2499 648 2542 sucum.

122 2601 152 2642 ao
255 2583 503 2667 Expeditionem
532 2607 629 2648 unam
658 2585 789 2649 omnino
819 2585 960 2669 suscepit
987 2607 1121 2668 eamque
1148 2580 1368 2649 medicandi

167 2710 239 2753 oum
269 2689 404 2753 decretis
433 2690 494 2754 sibi
525 2714 542 2754 a
571 2695 682 2754 senatu
711 2691 907 2755 ornamentis
935 2691 1188 2775 triumphalibus
1216 2691 1316 2754 leuio-

166 2817 234 2859 rem
257 2796 419 2860 maiestati
447 2797 618 2881 principali
645 2798 777 2862 titulum
806 2798 1019 2862 arbitraretur
1046 2799 1209 2881 uelletque
1237 2797 1315 2861 iusti

165 2903 325 2987 triumphi
345 2904 450 2986 decus,
468 2905 552 2967 unde
572 2905 755 2988 adquireret
774 2904 975 2969 Britanniam
994 2905 1201 2988 potissimum
1217 2905 1315 2990 elegit

256 3049 355 3111 20sqq.
378 3045 452 3097 Oros.
468 3045 529 3097 VII
540 3049 636 3112 6,9sq.
661 3047 761 3112 quarto
780 3043 891 3113 imperii
912 3044 954 3096 sui
974 3061 1060 3111 anno,
1081 3043 1196 3112 cupiens
1214 3042 1314 3096 utilem

165 3124 206 3176 rei
228 3123 361 3191 publicae
385 3126 526 3176 ostentare
547 3124 638 3195 (ser)
663 3123 831 3192 prinoipem,
855 3124 961 3177 bellum
985 3124 1089 3192 ubique
1114 3127 1143 3177 et
1165 3124 1315 3175 uictoriam

165 3204 360 3270 undecumque
375 3203 525 3270 quaesiuit.
559 3203 655 3271 itaque
670 3203 878 3272 expeditionem
892 3205 923 3258 in
936 3203 1114 3257 Britanniam
1128 3204 1226 3270 mouit,
1242 3219 1315 3270 quae

165 3284 289 3336 excitata
316 3283 346 3335 in
373 3283 526 3337 tumultum
554 3287 669 3352 propter
694 3301 750 3337 non
775 3284 932 3338 redhibitos
961 3284 1122 3352 transfugas
1151 3282 1313 3336 uidebatur:

164 3365 342 3417 transuectus
361 3362 391 3415 in
415 3363 537 3416 insulam
557 3366 612 3430 est,
636 3381 722 3432 quam
740 3381 832 3433 neque
851 3367 916 3418 ante
934 3363 1037 3416 Iulium
1057 3362 1205 3417 Caesarem
1224 3379 1314 3429 neque

165 3446 229 3512 post
252 3459 316 3497 eum
340 3443 490 3512 quisquam
513 3443 592 3496 adire
616 3461 700 3496 ausus
725 3443 829 3508 fuerat,
857 3444 953 3511 ibique
974 3477 1006 3483 —
1027 3446 1059 3496 ut
1081 3442 1175 3496 uerbis
1199 3441 1314 3494 Suetoni

165 3522 323 3590 Tranquilli
346 3523 447 3590 loquar
466 3555 499 3564 -
519 3524 579 3577 sine
603 3522 661 3577 ullo
686 3524 792 3592 proelio
817 3541 849 3576 ac
869 3524 1006 3593 sanguine
1032 3524 1107 3576 intra
1129 3521 1314 3592 paucissimos

166 3603 225 3656 dies
243 3603 395 3671 plurimam
413 3603 523 3656 insulae
536 3607 645 3672 partem
659 3604 687 3655 in
705 3604 877 3656 deditionem
891 3605 998 3672 recepit
1019 3647 1024 3658 .
1040 3647 1046 3659 .
1062 3647 1068 3658 .
1090 3620 1122 3656 ac
1137 3604 1214 3655 sexto
1230 3619 1314 3668 quam

164 3683 306 3752 profectus
326 3686 386 3737 erat
404 3701 498 3739 mense
513 3684 631 3736 Romam
645 3683 737 3738 rediit.
766 3685 801 3750 cf.
822 3685 938 3752 Eutrop.
956 3685 1016 3738 VII
1029 3689 1099 3748 13,2
1114 3682 1256 3736 Britannis
1272 3681 1313 3732 in-

164 3764 232 3817 tulit
249 3763 364 3829 bellum,
385 3780 470 3832 qnam
488 3764 582 3816 nullus
601 3764 789 3817 Romanorum
808 3768 873 3832 post
893 3763 921 3817 C.
937 3763 1083 3817 Caesarem
1104 3761 1247 3832 attigerat,
1267 3776 1313 3814 ea-

164 3861 218 3912 que
242 3845 414 3897 deuicta
433 3844 606 3913 triumphurn
626 3844 763 3897 celebrem
783 3845 842 3912 egit
862 3849 901 3913 lp.
916 3847 1028 3912 212,8).
1057 3844 1150 3898 Victor
1170 3844 1242 3896 Caes.
1259 3847 1313 3908 4,2

164 3925 246 3977 simul
270 3924 372 3977 ultima
398 3940 525 3988 occasus,
552 3924 716 3976 Britanniae
734 3927 828 3992 partes
852 3927 998 3988 contusae,
1018 3939 1104 3990 quam
1123 3921 1211 3974 solam
1231 3921 1311 3988 adiit,

164 4005 244 4058 Ostia
262 4005 404 4073 profectus
423 4005 501 4058 mari.

235 4131 401 4183 3causisX
453 4136 513 4181 lae
527 4130 557 4181 in
573 4129 647 4182 socio
660 4130 759 4194 MGL,
774 4129 833 4181 sine
848 4130 936 4182 inscio
951 4132 978 4182 P
1030 4128 1128 4181 italiae
1145 4129 1181 4180 M
1236 4133 1266 4178 11
1283 4128 1312 4178 et

163 4212 286 4277 quodam
296 4211 412 4279 Lipsius
464 4216 495 4262 12
510 4209 651 4262 sibimetu
665 4209 724 4261 uim
734 4209 807 4262 ferro
817 4210 852 4261 M
856 4213 885 4275 T,
896 4209 950 4262 sibi
960 4209 1033 4262 ferro
1043 4207 1152 4260 metirG
1200 4212 1231 4257 16
1243 4221 1311 4272 quo-

163 4307 217 4358 que
233 4293 270 4345 M
338 4295 368 4342 17
384 4290 469 4342 ubere
482 4290 508 4343 G
578 4295 610 4341 22
625 4289 773 4342 maiestate
789 4290 938 4342 Sabellicus
952 4292 980 4342 iu
996 4306 1087 4342 coriam.
1103 4289 1142 4341 ed.
1165 4289 1228 4340 Van.
1240 4291 1313 4338 1490

163 4372 336 4440 (Stephanus)
430 4368 581 4438 principali
601 4387 617 4428 ς
636 4370 686 4438 (ed.
706 4372 778 4423 Bon.
798 4373 896 4437 1488),
916 4368 1101 4437 principalem
1116 4371 1183 4436 l-em
1197 4383 1265 4421 corr.
1278 4383 1313 4418 ac

163 4452 214 4504 -im
225 4452 259 4519 S)
269 4455 308 4516 a,
327 4450 462 4519 principis
477 4449 563 4503 talem
579 4450 655 4504 Torr.
730 4455 763 4502 23
779 4450 928 4502 undeunde
948 4448 1091 4515 acquirere
1111 4447 1265 4516 (acquirere
1285 4464 1311 4514 ς,

163 4533 220 4587 edd.
231 4535 286 4601 pr.)
299 4532 324 4586 I.
336 4529 372 4584 F.
385 4531 501 4584 Graeca

1040 4629 1093 4679 14*
