3166 5106
571 373 737 428 TIBERIVS
757 385 823 436 [our.
838 386 927 435 44-48]
1259 375 1323 440 145

171 534 301 618 theatri,
330 535 519 619 imperfecta
546 541 621 620 post
651 541 702 601 tot
729 559 830 601 annos
852 537 986 621 'reliquit
1010 575 1044 584 -
1075 559 1178 622 neque
1202 543 1324 623 specta-

172 641 244 705 cula
272 642 404 708 omnino
433 643 547 728 edidit3
579 648 612 709 et
634 643 688 727 iis,
716 665 798 728 quae
821 645 862 708 ab
886 645 995 729 aliquo
1019 645 1202 729 ederentur,
1230 646 1325 709 raris-

172 748 252 813 sime
284 749 448 834 interfuit,
479 771 520 814 ne
552 749 631 834 quid
659 754 899 834 exposceretur,
933 751 1045 834 utique
1072 756 1245 836 postquam
1274 773 1325 816 co-

172 855 322 919 moedum
333 853 466 920 Actium
482 859 611 922 coactus
627 860 674 920 est
688 857 924 922 manumittere.
948 878 1125 942 paucorum
1140 864 1325 923 senatorum

126 985 157 1026 u
173 960 284 1046 inopia
312 967 504 1047 sustentata,
531 985 571 1027 ne
599 963 748 1047 pluribus
777 985 871 1048 opem
899 966 1011 1047 ferret,
1038 965 1171 1051 negauit
1195 987 1228 1030 se
1251 965 1325 1030 aliis

171 1068 423 1153 subuenturum,
456 1069 519 1133 nisi
548 1071 673 1134 senatui
702 1070 803 1135 iustas
834 1071 1075 1136 necessitatium
1108 1094 1219 1137 causas
1251 1095 1325 1156 pro-

170 1175 309 1240 bassent.
353 1198 418 1258 quo
448 1181 543 1260 pacto
571 1177 743 1262 plerosque
771 1177 928 1242 modestia
957 1182 989 1242 et
1011 1178 1135 1262 pudore
1158 1178 1324 1265 deterruit,

169 1280 204 1345 in
234 1282 353 1366 quibus
382 1281 570 1368 Hortalum,
599 1282 712 1360 Quinti
735 1283 890 1350 Hortensi
920 1285 1057 1350 oratoris
1080 1289 1244 1370 nepotem,
1269 1286 1325 1371 qui

170 1389 358 1472 permodica
385 1411 420 1453 re
443 1390 597 1455 familiari
621 1395 751 1455 auctore
774 1392 922 1478 Augusto
953 1396 1106 1476 quattuor
1132 1393 1253 1459 liberos
1275 1398 1325 1458 tu-

121 1519 156 1561 :10
171 1495 262 1560 lesbi.

259 1603 393 1669 Publice
426 1604 682 1669 munificentiam
715 1605 765 1670 bis
798 1607 929 1670 omnino
962 1605 1124 1690 exhibuit,
1156 1603 1377 1691 proposit048

167 1710 276 1774 milies
298 1711 484 1775 sestertium
502 1711 646 1797 gratuito
666 1711 700 1775 in
724 1711 844 1776 trienni
862 1717 991 1796 tempus
1010 1717 1043 1776 et
1060 1735 1171 1777 rursus
1194 1713 1325 1797 quibus-

66 1873 71 1884 .
169 1817 243 1880 dam
274 1817 414 1881 dominis
442 1818 636 1904 insularum,
665 1818 803 1902 quaein
832 1822 942 1883 monte
967 1817 1075 1884 Caelio
1101 1820 1325 1906 deflagrarant,
1376 1833 1414 1868 μ’

168 1923 276 2008 pretio
301 1924 462 1988 restituto.
504 1945 642 2008 quorum
666 1925 803 1989 alterum
826 1947 944 2011 magna
966 1925 1157 1990 difficultate
1179 1948 1325 1990 numma-

125 2053 152 2092 ιε
168 2030 218 2094 ria
244 2031 365 2114 populo
394 2030 551 2094 auxilium
579 2031 747 2117 flagitante
777 2037 905 2096 coactus
938 2035 987 2096 est
1013 2031 1132 2116 facere,
1165 2054 1238 2096 cum
1265 2055 1325 2117 per

167 2141 299 2200 senatus
323 2137 507 2202 consultum
531 2138 702 2223 sanxisset,
730 2143 767 2202 ut
789 2139 1005 2203 faeneratores
1035 2140 1112 2204 duas
1134 2140 1324 2224 patrimonii

166 2246 277 2327 partes
310 2243 344 2307 in
377 2245 446 2310 solo
485 2245 696 2330 collocarent,
734 2245 895 2310 debitores
931 2247 1068 2310 totidem
1106 2247 1189 2311 aeris
1225 2247 1324 2312 alieni

167 2350 280 2414 statim
304 2351 475 2435 soluerent,
499 2373 557 2415 neo
581 2373 631 2416 res
650 2353 868 2437 expediretur,
892 2353 1030 2417 alterum
1049 2353 1091 2416 ad
1108 2353 1323 2440 mitigandam

167 2461 354 2541 temporum
383 2458 595 2526 atrocitatem.
642 2459 730 2542 quod
757 2463 864 2523 tamen
897 2459 1090 2524 beneficium
1118 2461 1202 2524 tanti
1230 2461 1324 2525 aesti-

115 2589 150 2628 ao
165 2564 281 2648 mauit,
304 2568 341 2628 ut
363 2568 508 2628 montem
533 2563 676 2630 Caelium
700 2566 916 2649 appellatione
935 2571 1061 2632 mutata
1083 2568 1194 2632 uocari
1212 2566 1322 2654 Augu-

166 2675 255 2735 stum
284 2671 423 2736 iusserit,
465 2672 563 2736 militi
591 2677 666 2757 post
694 2673 858 2757 duplicata
886 2696 925 2738 ex
953 2674 1095 2760 Augusti
1127 2679 1358 2739 testamentoa

164 2778 276 2864 legata
298 2779 382 2842 nihil
405 2801 558 2863 umquam
582 2780 720 2866 largitus
745 2785 807 2866 est,
830 2786 1056 2865 praeterquam
1081 2781 1209 2868 singula
1232 2781 1323 2846 milia

166 2886 375 2950 denariorum
407 2887 635 2971 praetorianis,
668 2888 756 2971 quod
785 2886 901 2952 Seiano
925 2911 958 2951 se
990 2909 1056 2953 non
1089 2888 1323 2952 accommodas-

165 2996 254 3077 sent,
292 2996 324 3056 et
357 2993 513 3076 quaedam
546 3016 680 3059 munera
713 2993 853 3077 Syriacis
885 2994 1082 3080 legionibus,
1116 2996 1204 3078 quod
1235 2996 1322 3060 solae

116 3123 149 3162 aa
165 3099 293 3164 nullam
318 3098 425 3164 Seiani
448 3100 623 3186 imaginem
653 3101 854 3186 intersigna
878 3101 1061 3166 coluissent.
1103 3106 1199 3184 atque
1223 3102 1322 3166 etiam

165 3207 338 3271 missiones
360 3212 587 3272 ueteranorum
612 3208 793 3274 rarissimas
816 3209 906 3292 fecit,
930 3230 970 3271 ex
994 3207 1083 3272 senio
1107 3213 1259 3293 mortem,
1283 3231 1322 3272 ex

166 3317 273 3379 morte
304 3314 531 3398 compendium
560 3319 700 3398 captans.
742 3336 781 3378 ne
810 3315 995 3400 prouincias
1023 3315 1153 3398 quidem
1181 3315 1321 3379 liberali-

161 3423 234 3484 ·tate
257 3420 326 3484 ulla
349 3421 542 3505 subleuauit,
566 3427 698 3506 excepta
721 3421 812 3505 Asia,
841 3422 983 3488 disiectis
1005 3427 1109 3487 terrae
1133 3426 1223 3486 motu
1244 3423 1322 3487 ciui-

167 3526 301 3591 tatibus,

162 3627 383 3636 ——n————-

240 3691 274 3738 27
297 3685 371 3739 Oroa
388 3685 532 3752 7114,18
556 3686 640 3739 Asiae
664 3685 795 3740 ciuitates
814 3685 864 3739 illo
884 3686 914 3758 (ᾗ
929 3689 973 3753 13)
994 3689 1086 3739 terrae
1110 3688 1189 3739 motu
1209 3686 1321 3739 dirutas

165 3765 274 3820 tributo
299 3765 415 3820 dimisso
438 3766 553 3834 propria
576 3766 663 3820 etiam
686 3765 859 3820 liberalitate
882 3765 1025 3836 (libertate
1044 3766 1135 3832 codd„
1160 3763 1251 3840 οἰκείᾳ
1270 3769 1322 3821 dor-

158 3845 243 3916 πάνῃ
264 3847 386 3916 Pulepoa
405 3845 437 3900 de
456 3849 516 3900 mir.
533 3850 577 3914 13)
598 3847 723 3900 donauit.

166 3954 383 3966 —-——-..—-n

240 4030 256 4077 2
276 4023 347 4078 alico
364 4025 394 4089 V,
410 4023 466 4077 alio
483 4024 609 4078 Paricea.
630 4025 738 4092 (Pololc)
811 4030 827 4077 3
847 4040 882 4078 ne
902 4023 982 4094 quid]
997 4039 1061 4091 neq:
1073 4025 1109 4077 M
1179 4030 1196 4076 4
1211 4027 1254 4077 est
1268 4042 1319 4080 om.

166 4102 270 4160 MGX'
327 4120 460 4158 aucorum
471 4105 534 4158 ΜΘ
553 4111 578 4158 et
591 4111 649 4160 tum
663 4104 829 4173 inoppiaM
846 4106 890 4173 (cf.
905 4105 1000 4158 Herm.
1010 4107 1046 4158 36
1056 4121 1086 4172 p.
1096 4107 1163 4173 293)
1237 4112 1321 4158 bne-

159 4184 230 4254 quit
245 4191 308 4253 post
322 4184 408 4237 ferret
426 4183 490 4238 add.
511 4185 538 4238 V
587 4185 639 4238 ulli
658 4192 758 4239 ettam
777 4183 924 4253 probasset
940 4184 1029 4238 Potula
1084 4189 1099 4236 6
1118 4184 1321 4239 necessitatum

164 4265 250 4320 GXY
312 4271 327 4317 9
342 4263 549 4333 permodicaret
565 4265 636 4330 Ma,
651 4264 829 4334 permodica).
844 4266 888 4317 ret
908 4265 934 4322 l(
993 4262 1144 4317 familiaria
1160 4266 1221 4330 Mo,
1236 4281 1278 4319 -es
1295 4266 1321 4321 G

161 4345 358 4415 (permodicae
378 4345 421 4398 rei
441 4344 590 4398 familiaris
607 4345 732 4415 Bentley,
752 4361 804 4414 per
821 4344 932 4398 modica
953 4343 994 4398 rei
1010 4342 1160 4397 familiaris
1175 4347 1320 4416 Bdcbelcr)

167 4432 201 4480 12
221 4425 351 4478 sestertio
371 4441 387 4484 ς
407 4426 476 4493 (edd.
492 4427 609 4494 prim),
632 4427 666 4492 cf.
682 4427 737 4479 Iul.
753 4430 789 4479 50
798 4444 828 4494 p.
842 4429 888 4490 26,
902 4428 939 4478 24
1026 4426 1054 4477 et
1072 4431 1136 4493 post
1153 4439 1248 4478 rursus
1272 4428 1320 4482 ite-

158 4513 232 4564 rant
247 4508 284 4560 M
289 4505 315 4559 G
388 4511 421 4558 14
437 4505 509 4578 (in)
524 4521 628 4574 magna
643 4507 759 4575 Bentley
834 4511 865 4558 15
882 4507 989 4562 estem.
1006 4506 1032 4559 V
1101 4510 1133 4557 19
1149 4504 1321 4562 beneficiiG

222 4604 358 4645 Suromrs
373 4605 407 4644 ed.
422 4604 489 4643 Ihm.
516 4604 535 4642 1.
598 4610 600 4614 '
1072 4598 1104 4644 10

1374 3287 1412 3346 Μ
