3136 5100
277 361 341 446 2'48
627 383 654 438 c
675 385 831 439 svaroru
850 383 1072 449 raauovnn

276 525 407 611 Romae¹
430 548 513 611 cirea
544 545 706 632 Sigillaria
740 549 913 612 comitatus
948 553 995 612 est
1025 547 1201 611 identidem
1232 547 1422 611 exosculans.

277 675 351 716 nam
375 655 486 717 matris
509 654 717 718 concubitum
744 656 907 738 appetisse
936 654 1030 718 stab
1056 653 1327 718 obtrectatoribus
1349 654 1422 735 eius,

278 772 317 823 ne
340 759 432 823 ferox
460 763 556 843 atque
583 761 744 844 impotens
768 760 885 825 mulier
909 765 942 824 et
968 761 1030 826 hoc
1054 782 1169 846 genere
1193 761 1315 845 gratiae
1338 782 1422 844 prae-

276 867 411 949 ualeret,
440 866 627 931 deterritum
655 889 749 931 nemo
780 867 952 952 dubitauit,
980 868 1093 951 utique
1126 871 1300 951 postquam
1328 889 1422 930 merc·

276 973 403 1055 tricem,
427 996 523 1057 quarn
547 974 633 1037 fama
656 979 725 1038 erat
748 973 949 1059 Agrippinae
973 974 1180 1056 simillimam,
1204 973 1289 1036 inter
1311 995 1422 1037 concu—
1452 999 1466 1036 s
1539 959 1540 966 ἵ

276 1080 368 1144 binas
392 1081 520 1172 recepit.
564 1080 639 1144 olim
665 1081 762 1144 etiarn
786 1081 935 1164 quotiens
964 1080 1078 1144 lectica
1105 1102 1179 1143 cum
1206 1084 1310 1144 matre
1332 1080 1423 1143 uehe-

276 1192 372 1264 retur,
386 1187 592 1252 libidinatum
611 1187 731 1250 inceste
751 1208 788 1251 ac
806 1187 940 1250 maculis
955 1187 1056 1251 uestis
1071 1187 1234 1269 proditum
1255 1187 1424 1250 affirmant.

175 1315 188 1353 a
223 1293 268 1358 29
367 1291 464 1358 Suam
485 1294 614 1384 quidem
633 1293 822 1378 pudicitiam
844 1314 946 1376 usque
965 1295 1044 1357 adeo
1063 1293 1240 1377 prostituit,
1263 1298 1300 1356 ut
1319 1298 1425 1357 conta-

55 1415 58 1424 ’
131 1391 159 1454 tl
199 1388 222 1428 N
277 1401 407 1464 minatis
432 1422 531 1484 paene
555 1400 704 1492 omnibus
729 1401 882 1465 membris
905 1401 1081 1465 nouissime
1105 1401 1198 1484 quasi
1216 1423 1317 1486 genus
1337 1401 1426 1464 lusus

277 1507 487 1592 excogitaret,
521 1528 584 1589 quo
617 1508 702 1570 ferae
734 1507 817 1590 pelle
851 1511 1015 1571 contectus
1048 1509 1249 1571 emitteretur
1282 1530 1299 1570 e
1330 1528 1428 1572 cauea
1442 1532 1467 1570 10
1541 1492 1542 1558 l

276 1613 484 1696 uirorumque
513 1635 549 1678 ao
580 1614 772 1678 feminarum
804 1615 843 1678 ad
873 1616 1018 1697 stipitem
1049 1615 1263 1700 deligatorum
1294 1615 1428 1700 inguina

276 1719 442 1784 inuaderet
472 1724 517 1804 et,
547 1741 620 1784 cum
650 1720 771 1784 a'ffatim
803 1720 1010 1804 desecuisset,
1041 1723 1251 1786 conficeretur
1278 1745 1297 1785 a
1324 1721 1428 1806 Dory-

277 1827 380 1912 phoro
403 1827 535 1913 libert03
559 1827 610 1891 oui
634 1828 741 1910 etiam,
766 1827 848 1891 sicut
872 1827 935 1910 ipsi
955 1826 1086 1912 Sporus,
1110 1828 1156 1892 ita
1179 1829 1248 1911 ipse
1266 1829 1428 1912 denupsit,

276 1954 372 1998 uoces
396 1956 524 2018 quoque
548 1938 580 1998 et
601 1934 764 1998 heiulatus
788 1935 854 1998 uim
873 1936 1065 2017 patientium
1085 1935 1250 2020 uirginum
1270 1936 1426 1999 imitatus.

277 2064 316 2106 ex
334 2042 499 2106 nonnullis
518 2043 660 2127 comperi
675 2041 954 2125 persuasissimum
973 2040 1125 2105 habuisse
1145 2065 1217 2106 eum
1237 2043 1427 2106 neminem
1447 2064 1467 2103 a

275 2149 467 2212 hominem
482 2149 663 2232 pudicum
679 2152 743 2212 aut
766 2148 843 2211 ulla
865 2149 1038 2231 corporis
1053 2153 1162 2232 parte
1176 2171 1311 2232 purum
1331 2171 1430 2229 esse,
1542 2161 1543 2168 ’

276 2277 408 2320 uerum
443 2255 650 2339 plerosque
681 2255 928 2318 dissimulare
956 2256 1095 2319 uitium
1124 2236 1161 2319 et
1191 2255 1331 2320 callida
1361 2279 1430 2340 op·
1541 2175 1544 2336 i

277 2365 420 2449 tegere,
445 2361 579 2446 ideoque
600 2362 755 2447 professis
779 2361 864 2446 apud
888 2383 921 2425 se
945 2361 1196 2426 obscaenitatem
1221 2367 1325 2426 cetera
1349 2385 1430 2446 quo-

278 2483 340 2552 que
364 2470 556 2533 concessisse
580 2469 704 2534 delicta.

122 2599 129 2610 ¹
228 2572 274 2639 30
370 2574 565 2640 Diuitiarum
591 2581 623 2640 et
641 2575 794 2660 pecuniae
813 2573 953 2637 fructum
972 2596 1037 2638 non
1057 2575 1156 2638 alium
1175 2575 1311 2658 putabat
1324 2598 1430 2659 quam
1446 2599 1471 2637 so

350 2757 431 2820 tsqq.
451 2755 484 2819 cf.
505 2752 597 2806 Victor
613 2752 685 2804 caes.
702 2753 798 2817 aaa.
820 2751 905 2816 atquc
929 2749 1003 2803 inter
1020 2749 1090 2803 haec
1113 2753 1232 2804 matrem
1255 2751 1341 2804 etiam
1361 2768 1430 2805 con-

278 2833 462 2886 taminauisse
484 2832 579 2900 plures
602 2831 721 2896 habent,
745 2830 865 2882 dumea
889 2845 1000 2898 quoque
1020 2829 1118 2883 ardore
1137 2829 1303 2883 dominandi
1322 2832 1429 2886 scelere

254 2957 255 2962 ,
278 2911 406 2982 quolibet
429 2912 518 2966 subici
542 2912 631 2964 filium
655 2910 740 2978 cupit.
774 2909 804 2961 id
828 2926 880 2979 ego
904 2927 1075 2978 quamquam
1102 2910 1284 2978 scriptoribus
1312 2911 1431 2966 diuersa

277 2992 455 3046 firmantibus
474 3009 572 3046 uerum
591 2994 660 3059 puto
680 2991 768 3059 (Epic.
785 2995 838 3054 5,5
853 2993 971 3043 matrem
990 2990 1076 3044 etiam
1096 2992 1192 3058 stupro
1212 2992 1430 3058 contaminarit,

279 3091 363 3143 quam
377 3074 557 3142 postmodum
572 3071 735 3139 interemit).
757 3071 832 3125 Oros.
849 3071 911 3122 VH
919 3075 973 3136 7,2
988 3075 1024 3139 (c.
1036 3072 1073 3124 cd
1084 3072 1100 3124 l.
1107 3073 1143 3139 8).
1218 3076 1234 3123 8
1250 3072 1341 3125 Victor
1351 3073 1430 3127 Coeo.

278 3160 304 3221 5,
315 3159 368 3223 osq.
389 3170 421 3208 eo
441 3170 604 3223 progressus
624 3154 675 3217 est,
694 3150 737 3204 uti
755 3166 846 3218 neque
867 3166 933 3204 suae
952 3166 1042 3218 neque
1058 3150 1177 3204 aliorum
1192 3151 1348 3220 pudicitiae
1363 3168 1431 3221 par-

278 3251 343 3288 cens
363 3236 437 3303 (bocc
455 3253 488 3289 er
507 3234 578 3288 Suet.
596 3233 654 3287 daz.
666 3233 712 3300 36)
731 3231 768 3283 ad
785 3233 939 3284 extremum
959 3230 1079 3284 amictus
1098 3231 1264 3284 nubentium
1284 3231 1431 3301 uirginum

279 3315 384 3384 specie,
408 3315 505 3382 palam
524 3315 636 3379 senatu,
656 3313 721 3365 dote
741 3311 817 3376 data,
838 3312 947 3364 cunctis
966 3311 1039 3364 festa
1057 3327 1134 3364 more
1153 3311 1361 3365 celebrantibus
1381 3315 1429 3379 (of.

275 3399 379 3464 p.247‚
391 3398 435 3463 19)
458 3395 488 3446 in
507 3410 620 3446 manum
645 3392 811 3444 conueniret
833 3391 907 3444 lecto
932 3408 966 3445 ex
988 3390 1116 3444 omnibus
1140 3392 1317 3461 prodigiosis.
1350 3395 1431 3460 quod

279 3475 394 3528 sanein
414 3492 446 3529 eo
469 3474 560 3527 leuius
585 3471 799 3527 aestimandum.
829 3472 933 3540 quippe
952 3471 1098 3524 noxiorum
1121 3472 1226 3524 uinctis
1250 3473 1332 3525 modo
1351 3471 1430 3540 pelle

278 3557 369 3608 tectus
389 3555 466 3608 ferae
484 3553 596 3622 utrique
617 3553 698 3606 sexui
715 3551 852 3621 genitalia
866 3552 948 3604 uultu
963 3551 1169 3616 contrectabat3
1189 3555 1301 3604 exactor
1315 3552 1431 3620 parium

279 3634 384 3687 maiore
399 3635 507 3704 flagitio
523 3635 597 3701 (inde
612 3635 721 3687 breuius
736 3633 812 3700 Epir.
825 3637 850 3698 5,
861 3636 896 3698 5).
924 3633 998 3687 Oros.
1015 3633 1072 3686 VI]
1088 3636 1141 3697 7‚2
1159 3631 1327 3685 libidinibus
1341 3647 1429 3700 porro

279 3715 367 3768 tantis
387 3715 547 3784 exagitatus
571 3716 625 3774 cst,
649 3717 682 3767 ut
706 3729 741 3766 ne
766 3729 782 3766 a
805 3715 895 3765 matre
918 3712 1032 3779 quidem
1056 3711 1102 3765 uel
1126 3727 1219 3764 sorore
1242 3711 1337 3765 ullane
1361 3729 1431 3764 con-

280 3795 481 3864 sanguinitatis
500 3795 658 3848 reuerentia
678 3793 847 3846 abstinuisse
866 3794 1011 3858 referatur,
1029 3792 1122 3845 uirum
1136 3793 1165 3844 in
1179 3808 1293 3845 uxorem
1307 3793 1431 3860 duxerit,

278 3877 339 3945 ipse
360 3894 376 3929 a
394 3876 455 3928 uiro
475 3879 507 3928 ut
525 3893 594 3928 uxor
612 3876 745 3942 acceptus
765 3873 808 3926 sit.

352 4043 366 4089 2
387 4037 421 4090 ab
440 4037 493 4105 tle,
517 4036 553 4088 ad
573 4038 603 4086 Π
619 4038 687 4104 (esp.
703 4052 736 4087 ru.
751 4039 792 4100 2),
817 4049 867 4085 om.
887 4035 932 4086 rel.
949 4035 1008 4101 (a),
1032 4034 1096 4086 inde
1120 4031 1155 4084 ab
1178 4033 1333 4086 rectoribus
1356 4038 1429 4087 coiri.

280 4119 396 4186 Bentley
469 4123 484 4170 5
504 4132 576 4184 quae
596 4116 686 4168 forma
706 4116 766 4166 erat
783 4115 815 4166 A.
837 4113 980 4165 simillima
1001 4113 1143 4167 G.Bcclrer
1216 4113 1319 4184 (esse)
1339 4113 1430 4167 simil-

279 4197 377 4250 limam
389 4198 506 4266 Madvig
568 4196 647 4266 lac]
663 4195 749 4259 aP0‚
765 4197 793 4246 et
809 4212 833 4261 ς,
848 4211 897 4247 ori.
913 4194 1121 4262 T(G.Beclrer),
1137 4211 1169 4246 cx
1187 4193 1296 4247 Gruter.
1352 4194 1431 4246 affir-

280 4276 449 4331 mabantM
461 4277 489 4346 (b
505 4293 652 4329 ercncorr.
663 4276 760 4328 ataid.
772 4292 806 4327 m.
819 4275 844 4343 1)
909 4273 1041 4343 ssuam]
1057 4272 1189 4336 Quamo
1249 4280 1372 4342 9p0ene
1385 4277 1430 4340 M,

279 4357 363 4426 plene
380 4358 413 4423 G,
428 4359 559 4426 penerel.
616 4362 649 4409 10
668 4355 836 4424 excogitarit
850 4355 965 4424 Bentley
997 4354 1169 4422 ,11stipem
1185 4356 1263 4408 Muu
1315 4361 1346 4406 12
1361 4371 1430 4408 eua-

280 4438 359 4490 deret
375 4439 412 4491 M
478 4443 510 4488 14
529 4436 670 4489 heiulatus
686 4438 757 4499 Mo,
776 4435 814 4488 ci·
829 4437 874 4488 rel.
946 4441 977 4486 16
996 4434 1141 4486 hominum
1157 4436 1210 4488 Mo
1224 4436 1430 4504 (sorn'rectios),

279 4534 331 4574 ern.
345 4516 379 4570 N
