3166 5106
583 387 750 442 Tlssnulvs
770 399 836 448 [car.
852 399 913 448 1-1]
1259 389 1319 453 121

170 551 351 616 comminus
380 551 541 616 trucidato
570 551 631 614 sibi
659 551 861 635 posterisque
889 552 955 616 suis
984 571 1164 637 cognomen
1189 553 1321 617 inuenit.

169 659 311 723 traditur
339 659 436 722 etiam
464 679 525 741 pro
553 661 700 740 praetore
728 679 767 721 ex
794 658 962 741 prouincia
986 655 1090 722 Gallia
1117 659 1322 742 ret<t>ulisse

169 787 283 829 aurum
313 763 493 828 Senonibus
523 763 599 828 olim
625 764 657 827 in
681 764 848 828 obsidione
877 764 1029 848 Capitolii
1054 765 1164 830 datum
1186 787 1258 850 nec,
1286 771 1323 831 ut

168 872 258 936 fama
280 876 338 955 est,
361 874 523 936 extortum
548 893 566 934 a
590 868 735 935 Camillo.
777 872 846 934 eius
870 871 1011 954 abnepos
1034 871 1075 934 ob
1100 873 1250 937 eximiam
1270 874 1323 937 ad·

140 1001 283 1044 auersus
307 976 466 1042 Gracchos
496 999 624 1061 operam
653 981 807 1060 patronus
837 982 965 1042 senatus
989 976 1093 1042 dietus
1121 979 1223 1043 filiurn
1252 981 1323 1044 reli-

169 1085 256 1168 quit,
289 1105 385 1168 quem
414 1086 447 1148 in
476 1083 574 1148 simili
604 1084 801 1148 dissensione
830 1085 933 1148 multa
955 1084 1043 1148 uarie
1067 1085 1253 1150 molientem
1277 1087 1323 1150 di-

168 1213 265 1254 uersa
288 1190 386 1254 factio
411 1213 468 1275 per
491 1190 637 1255 fraudem
662 1190 832 1255 interemit.

77 1288 80 1292 ’
248 1281 265 1349 t
261 1298 356 1362 Pater
370 1296 488 1380 Tiberi,
502 1297 535 1362 N
536 1295 772 1383 ero,iquaestor
791 1296 824 1361 C.
840 1295 984 1362 Caesaris
999 1296 1218 1364 Alexandrino
1237 1299 1323 1363 bello
1339 1296 1362 1362 4

169 1360 268 1470 clasii
286 1404 500 1489 praepositus,
522 1401 699 1488 plurimum
723 1405 956 1469 adulatoriam
981 1405 1126 1469 eontulit.
1169 1427 1266 1488 quare
1291 1411 1323 1470 et

126 1538 154 1578 ro
168 1512 317 1595 pontifex
345 1512 380 1576 in
406 1511 512 1576 locum
536 1510 571 1575 P.
592 1509 752 1594 Scipionis
781 1511 976 1575 substitutus
1005 1517 1050 1590 et,
1060 1512 1101 1577 ad
1123 1511 1323 1578 deducendas

169 1620 206 1682 in
230 1615 367 1682 Galliam
398 1616 553 1700 colonias,
584 1617 619 1681 in
642 1617 714 1700 quis
737 1615 847 1680 Narbo
875 1622 908 1682 et
931 1616 1060 1684 Arelate
1083 1623 1182 1703 erant,
1205 1620 1324 1684 missus

170 1713 252 1789 esest·
273 1729 381 1788 tamen
406 1723 539 1788 Caesare
568 1723 689 1808 occiso,
717 1725 841 1788 cunctis
869 1724 1036 1788 turbarum
1059 1729 1149 1788 metu
1176 1725 1324 1791 abolitio-

80 1891 82 1894 ,
169 1853 246 1895 nem
278 1830 356 1895 facti
389 1830 647 1914 decernentibus,
679 1831 775 1894 etiam
803 1830 842 1896 de
869 1831 1020 1915 praemiis
1049 1831 1322 1916 tyrannicidarum

169 1938 374 2002 referendum
400 1936 532 2002 censuit.
574 1940 725 2020 praetura
748 1936 862 2000 deinde
885 1936 1024 2021 functus,
1048 1960 1121 2003 cum
1141 1941 1229 2003 exitu
1248 1942 1358 2003 annia

129 2071 154 2111 1s
170 2045 333 2108 discordia
365 2045 450 2108 inter
481 2045 667 2108 triumuiros
697 2047 768 2108 orta
795 2049 890 2127 esset,
923 2044 1056 2109 retentis
1084 2047 1170 2110 ultra
1203 2047 1323 2110 iustum

169 2156 300 2235 tempus
329 2151 510 2235 insignibus
538 2151 573 2214 L.
592 2150 773 2214 Antonium
805 2153 968 2215 consulem
1001 2152 1164 2215 triumuiri
1191 2152 1322 2217 fratrem

170 2259 214 2322 ad
236 2258 403 2322 Perusiam
428 2261 566 2341 secutuS,
590 2257 752 2322 deditione
776 2258 926 2322 aectoris
950 2258 1044 2342 faeta,
1067 2259 1155 2322 solus
1179 2281 1323 2342 perman-

171 2367 217 2429 sit
240 2366 274 2428 in
297 2365 443 2449 partibus
467 2385 504 2430 ac
526 2365 631 2448 primo
652 2365 831 2446 Praeneste,
855 2365 929 2428 inde
947 2363 1120 2448 Neapolim
1139 2367 1243 2430 euasit
1262 2387 1324 2430 ser·

169 2473 288 2554 uisque
316 2471 356 2536 ad
383 2471 517 2554 pilleum
545 2472 665 2534 frustra
692 2471 816 2536 uocatis
844 2471 879 2534 in
903 2470 1046 2536 Siciliam
1075 2472 1227 2558 profugit.
1269 2472 1360 2537 sedo

129 2604 155 2643 aa
170 2579 305 2664 indigne
337 2578 441 2643 ferens
471 2599 530 2644 nec
561 2578 671 2642 statim
704 2600 737 2642 se
769 2579 805 2643 in
836 2583 1044 2663 conspectum
1071 2577 1162 2643 Sexti
1189 2578 1325 2662 Pompei

171 2686 350 2750 admissum
379 2690 411 2749 ot
438 2686 573 2749 fascium
601 2707 663 2748 usu
690 2685 907 2769 prohibitum,
935 2686 974 2750 ad
1001 2686 1044 2750 M.
1059 2684 1239 2751 Antonium
1263 2691 1325 2750 tra-

171 2793 249 2856 iecit
279 2793 313 2856 in
340 2791 506 2858 Achaiam.
552 2813 625 2855 cum
654 2814 717 2875 quo
749 2792 839 2856 breui
870 2792 1076 2858 reconciliata
1106 2795 1191 2857 inter
1221 2793 1325 2857 omnis

171 2921 251 2985 paee
270 2899 408 2963 Romam
432 2898 515 2962 redit
538 2920 736 2980 uxoremque
756 2898 881 2962 Liuiam
901 2899 1076 2964 Drusillam
1100 2904 1132 2964 et
1154 2905 1232 2966 tunc
1256 2922 1326 2985 gra·

170 3006 282 3070 uidam
312 3010 344 3069 et
372 3014 446 3070 ante
474 3007 537 3070 iem
566 3006 652 3090 apud
680 3027 713 3068 se
741 3006 844 3069 filium
874 3007 999 3071 enixam
1028 3007 1151 3091 petenti
1174 3007 1325 3092 Augusto

130 3137 156 3179 as
172 3114 341 3178 concessit.
392 3134 451 3176 nec
483 3113 586 3176 multo
619 3117 695 3197 post
726 3113 811 3176 diem
849 3113 943 3197 obiit,
980 3119 1117 3196 utroque
1149 3114 1325 3178 liberorum

172 3221 357 3304 superstite,
381 3219 510 3284 Tiberio
534 3220 705 3302 Drusoque
728 3218 922 3284 Neronibus.

264 3326 430 3391 Tiberium
466 3326 597 3410 quidam
632 3325 753 3390 Fundis
785 3331 898 3391 natum
929 3327 1194 3392 existimauerunt
1224 3318 1362 3392 secutio

170 3437 280 3499 leuem
300 3422 528 3512 coniecturam,
552 3434 639 3516 quod
658 3438 802 3497 materna
821 3432 889 3498 eius
908 3434 981 3497 auia
999 3433 1154 3498 Fundana
1176 3435 1276 3498 fuerit
1294 3437 1326 3496 et

173 3541 266 3625 quod
289 3563 366 3606 mox
391 3541 598 3605 simulacrum
622 3539 800 3604 Felicitatis
828 3563 867 3604 ex
887 3564 910 3604 s.
931 3561 955 3604 o.
979 3540 1180 3624 publicatum
1204 3540 1248 3605 ibi
1273 3541 1324 3605 sit.

172 3689 198 3694 --
210 3687 337 3694 ⁴.—-.--.-—

248 3766 282 3814 23
298 3762 376 3830 Epic.
388 3768 414 3827 1,
423 3765 460 3814 23
479 3761 589 3814 Liuiam
604 3761 686 3827 quasi
700 3761 803 3813 marito
818 3761 989 3814 concedente
1006 3760 1060 3814 sibi
1076 3759 1226 3813 coniunxit.
1248 3759 1326 3812 cuius

173 3842 273 3897 Liuiae
293 3842 350 3895 iam
369 3843 450 3896 erant
467 3841 520 3894 filii
539 3840 668 3894 Tiberius
687 3843 716 3893 et
734 3840 840 3894 Drusus
860 3843 904 3908 (cf.
920 3842 991 3911 Auq.
1008 3844 1062 3909 62).

249 4038 448 4092 bretulissent
463 4040 489 4092 V
558 4037 661 4092 bolim
680 4037 770 4090 oneo
842 4037 902 4091 Nec
920 4045 995 4092 etse.
1015 4036 1129 4108 111qu
1200 4037 1327 4088 textor-

174 4122 236 4172 tum
256 4119 350 4173 cradi
419 4117 618 4172 dinolientem
635 4119 697 4173 Me
766 4117 930 4171 diuersioG
998 4118 1117 4171 BPater
1134 4132 1201 4170 uero
1221 4115 1327 4169 Tiberii

175 4203 236 4268 (om.
262 4199 347 4267 Nero)
372 4215 388 4256 ς
412 4200 471 4252 edd.
493 4201 570 4254 Rom.
593 4201 656 4252 Veu.
681 4200 702 4251 I
722 4198 832 4268 (culp),
855 4198 939 4251 Pater
962 4197 1090 4249 Tiberius
1113 4196 1187 4249 Nero
1211 4197 1328 4266 Bentley

175 4285 209 4332 10
230 4279 397 4332 statutusG
478 4286 508 4331 11
530 4279 648 4347 quib3G
724 4278 850 4331 narbona
867 4277 964 4342 ΜΨ,
982 4277 1101 4330 narrabo
1122 4278 1148 4330 V
1226 4281 1259 4328 12
1279 4276 1327 4329 ob·

174 4359 312 4413 liuionem
331 4361 459 4428 Lipsius,
484 4359 689 4413 absolutionem
709 4359 796 4412 Pololc
880 4362 913 4410 14
932 4357 1081 4410 defunctus
1097 4357 1153 4411 GR
1230 4362 1327 4409 15111-

175 4441 240 4494 orta
259 4457 275 4500 ς
295 4440 392 4510 (culp.)
463 4446 495 4494 18
516 4439 660 4506 seruisque
678 4455 762 4506 usque
779 4438 890 4491 uocatis
910 4455 959 4491 our.
977 4440 1002 4491 V
1067 4443 1100 4490 ⁶22
1119 4436 1248 4490 breuiore
1263 4453 1328 4490 oon-

175 4520 275 4574 eiliata
292 4523 329 4575 M
399 4526 431 4573 27
453 4520 567 4588 quidem
579 4521 626 4584 M,
646 4518 798 4587 quoqueG
872 4518 997 4572 sioutiG
