3136 5100
490 395 599 450 DTVVS
619 396 797 450 CLAVDIVS
816 408 881 456 [cnr.
898 408 985 458 aa-tt]
1245 396 1310 460 223

162 558 217 642 qui
250 580 340 622 more
376 560 479 624 ueteri
512 561 550 622 ad
588 558 693 625 fulcra
728 558 884 623 lectorum
919 559 1064 623 sedentes
1096 564 1309 624 nascerentur.

161 646 331 749 conuiuae,
360 667 416 748 qui
444 665 547 750 pridie
576 666 733 750 scyphum
761 687 893 729 aureum
922 666 1121 749 subripuisse
1149 665 1309 729 existima-

160 770 271 856 batur,
298 776 448 835 reuocato
473 771 508 834 in
535 772 619 836 diem
647 776 813 855 posterum
842 771 972 838 calicem
996 772 1127 836 fictilem
1150 772 1309 856 apposuit.

162 878 282 942 dicitur
310 879 407 942 etiam
440 879 614 943 meditatus
643 879 796 961 edictum,
831 901 894 963 quo
922 879 1051 944 ueniam
1080 879 1169 943 daret
1196 878 1309 944 flatum

131 985 383 1069 acrepitumque
406 985 530 1050 uentris
559 985 592 1048 in
617 985 767 1050 conuiuio
792 985 972 1071 emittendi,
996 1007 1068 1049 cum
1091 985 1308 1070 periclitatum

161 1091 322 1175 quendam
345 1114 422 1176 prae
445 1091 568 1175 pudore
592 1113 631 1156 ex
654 1092 853 1157 continentia
876 1092 1078 1177 repperisset.
1188 1089 1190 1094 ’

71 1191 75 1198 ’
252 1196 323 1261 cibi
346 1198 479 1282 uinique
504 1220 707 1282 quocumque
731 1201 763 1262 et
782 1203 926 1283 tempore
946 1202 979 1262 et
997 1198 1068 1263 loco
1088 1196 1362 1283 appetentiam-33

160 1326 247 1389 mus,
275 1326 472 1390 cognoscens
501 1305 662 1389 quondam
691 1305 724 1369 in
752 1304 894 1390 Augusti
924 1306 996 1370 foro
1025 1305 1171 1389 ictusque
1198 1305 1310 1369 nidore

160 1411 302 1495 prandii,
336 1412 423 1495 quod
455 1411 488 1475 in
521 1412 670 1496 proxima
701 1411 818 1476 Martis
851 1412 927 1475 aede
961 1411 1056 1476 Saliis
1087 1412 1310 1497 apparabatur,

119 1541 145 1580 rc
161 1517 289 1581 deserto
320 1518 478 1582 tribunali
516 1519 659 1583 ascendit
696 1519 736 1582 ad
773 1519 953 1583 sacerdotes
990 1540 1118 1604 unaque
1150 1518 1309 1584 decubuit.

160 1646 219 1688 nec
246 1627 368 1689 temere
395 1647 549 1708 umquam
572 1625 714 1689 triclinio
739 1625 894 1689 abscessit
918 1626 980 1690 nisi
1004 1625 1162 1690 distentus
1186 1647 1222 1688 ac
1245 1647 1310 1688 ma-

160 1731 247 1815 dens,
271 1736 303 1795 et
326 1735 364 1795 ut
387 1733 498 1796 statim
522 1733 637 1816 supino
661 1754 697 1796 ac
721 1755 777 1816 per
797 1755 945 1796 somnum
968 1732 1071 1795 hianti
1095 1732 1194 1815 pinna
1217 1733 1249 1796 in
1274 1753 1310 1795 os

159 1837 325 1902 inderetur
366 1838 406 1901 ad
443 1839 680 1903 exonerandum
722 1839 932 1903 stomachum.
985 1839 1089 1903 somni
1127 1838 1345 1902 breuissimia

160 1949 242 2024 erat,
278 1966 353 2007 nam
392 1949 465 2010 ante
502 1945 640 2009 mediam
677 1950 805 2010 noctem
842 1945 1030 2029 plerumque
1065 1944 1236 2029 uigilabat,
1273 1948 1310 2008 ut

120 2074 145 2114 ra
160 2055 270 2114 tamen
299 2051 441 2118 interdiu
469 2074 711 2136 nonnumquam
738 2053 773 2115 in
801 2053 870 2116 iure
899 2052 1033 2116 dicendo
1058 2051 1310 2116 obdormisceret

160 2157 279 2240 uixque
304 2157 343 2220 ab
368 2158 534 2223 aduocatis
559 2158 597 2222 de
621 2157 781 2222 industria
803 2180 916 2222 uocem
940 2157 1133 2243 augentibus
1157 2157 1309 2221 excitare·

160 2371 262 2434 aleam
282 2371 517 2436 studiosissime
534 2372 624 2456 lusit,
647 2373 686 2436 de
706 2373 796 2436 cuius
820 2376 888 2435 arte
906 2372 1026 2435 librum
1046 2393 1173 2455 quoque
1193 2371 1309 2454 emisit,

161 2478 276 2552 solitus
291 2478 388 2542 etiam
409 2478 442 2540 in
457 2478 637 2562 gestatione
658 2478 784 2563 ludere,
792 2479 837 2543 ita
852 2479 963 2542 essedo
979 2478 1134 2562 alueoque
1149 2477 1309 2564 adaptatis

118 2608 144 2646 aa
160 2607 199 2648 ne
223 2585 313 2649 lusus
338 2584 596 2648 confunderetur.

251 2689 390 2756 Saeuum
415 2695 447 2755 et
471 2691 714 2776 sanguinarium
737 2696 854 2755 natura
876 2692 985 2775 fuisse,
1009 2692 1135 2777 magnis
1153 2684 1363 2756 minimis-34

161 2819 222 2882 que
250 2798 401 2882 apparuit
432 2797 536 2862 rebus.
583 2803 745 2862 tormenta
773 2799 997 2882 quaestionum
1027 2820 1211 2883 poenasque
1237 2821 1309 2883 par-

160 2904 334 2968 ricidarum
363 2905 627 2988 repraesentabat
659 2905 871 2989 exigebatque
900 2903 1017 2969 coram.
1065 2927 1137 2968 cum
1165 2909 1309 2988 spectare

160 3010 287 3094 antiqui
314 3011 416 3074 moris
445 3011 639 3095 supplicium
664 3010 777 3075 Tiburi
806 3012 1008 3095 concupisset
1037 3016 1069 3075 et
1093 3011 1243 3096 deligatis
1270 3010 1310 3074 ad

118 3118 270 3201 arpalum
292 3118 401 3180 noxiis
423 3118 565 3181 carnifex
589 3119 720 3201 deesset,
744 3118 882 3182 accitum
907 3118 947 3181 ab
971 3119 1050 3181 urbe
1069 3139 1236 3201 uesperam
1259 3139 1310 3178 us·

161 3247 222 3308 que
256 3224 396 3309 opperiri
430 3226 657 3308 perseuerauit.
708 3246 910 3308 quocumque
943 3224 1135 3308 gladiatorio
1169 3243 1309 3307 munere,
1413 3217 1416 3222 ’

159 3330 212 3394 uel
242 3353 299 3394 suc
329 3330 381 3395 uel
410 3331 529 3414 alieno,
560 3333 655 3395 etiam
685 3332 769 3394 forte
799 3331 968 3415 prolapsos
998 3330 1138 3416 iugulari
1168 3328 1309 3413 iubebat,

86 3428 88 3434 ¹
159 3437 299 3502 maxime
332 3437 496 3521 retiarios,
528 3441 565 3500 ut
598 3438 814 3521 expirantium
844 3438 943 3502 facies
971 3438 1104 3501 uideret.
1150 3459 1223 3500 cum
1250 3449 1343 3521 para

159 3543 322 3628 quoddam
350 3545 474 3609 mutuis
504 3544 621 3608 ictibus
651 3545 855 3626 concidisset,
888 3545 1035 3608 cultellos
1065 3544 1127 3608 sibi
1155 3543 1309 3626 paruulos

118 3670 144 3711 so
159 3673 198 3716 ex
227 3654 366 3734 utroque
393 3651 479 3714 ferro
508 3653 541 3714 in
569 3673 664 3713 usum
701 3651 767 3713 fieri
798 3653 866 3714 sine
895 3673 984 3714 mora
1011 3651 1114 3714 iussit.
1160 3651 1310 3714 bestiaris

233 3823 247 3870 7
267 3824 292 3872 et
312 3824 343 3870 17
365 3819 442 3885 Epir.
458 3821 511 3882 4‚3
539 3817 632 3870 uentri
651 3815 717 3870 uino
737 3816 850 3869 libidini
874 3817 956 3870 foede
980 3817 1139 3870 oboediens.
1163 3818 1198 3882 cs.
1219 3817 1310 3870 Victor·

159 3899 235 3953 Gaas.
251 3902 277 3962 4,
292 3903 307 3951 1

233 4046 246 4093 1
267 4040 316 4107 qui
333 4038 404 4105 T'O,
418 4042 450 4092 ut
465 4042 558 4107 dfert.
573 4042 681 4106 rectius,
696 4057 746 4093 ona
763 4041 799 4092 M
801 4038 882 4092 GLP
894 4035 933 4107 (at
947 4041 979 4092 ut
989 4047 1051 4106 post
1065 4038 1155 4092 ueteri
1169 4039 1249 4092 addit
1265 4040 1309 4108 G),

158 4122 193 4187 cs.
209 4121 304 4174 Herm.
320 4123 462 4189 3611215
516 4121 642 4172 uescenti
657 4120 735 4173 LPO
750 4121 891 4188 tangentes
904 4137 966 4173 cam
980 4119 1117 4172 conuiuae
1177 4121 1237 4171 tet
1247 4125 1310 4187 post

159 4201 242 4254 daret
255 4200 320 4256 add.
331 4200 402 4254 Gra
458 4199 792 4266 8uictusqueX,uictus
808 4201 839 4252 N
894 4206 924 4251 12
939 4215 1033 4267 penna
1049 4199 1160 4252 GPTN
1204 4203 1236 4250 14
1251 4199 1309 4251 cui-

159 4280 270 4350 gilabat
286 4282 413 4345 Gusaab„
432 4281 466 4346 cs.
479 4282 552 4350 Aap.
566 4284 601 4333 78
623 4281 698 4346 Veap.
708 4284 743 4333 21
819 4285 851 4332 15
872 4279 994 4332 interdiu
1010 4297 1026 4338 ς
1045 4281 1205 4348 (Beroeam),
1223 4279 1309 4331 inter-

159 4362 226 4413 dum
242 4363 276 4426 n,
295 4361 417 4414 interN
478 4366 511 4413 16
531 4359 717 4426 uixitqueM¹
777 4365 810 4410 23
828 4362 975 4427 expectare
991 4361 1080 4424 Mea,
1100 4360 1128 4411 et
1143 4362 1269 4426 spectare
1284 4365 1312 4412 X

159 4443 289 4510 (cumque
304 4458 348 4509 sp·
359 4441 403 4510 N)
474 4446 508 4494 24
528 4442 555 4494 et
570 4457 620 4494 ona
635 4441 690 4492 LP
742 4440 833 4509 aaut]
850 4456 912 4492 cum
929 4440 954 4492 G
1009 4443 1135 4493 cerneret
1152 4441 1177 4492 G
1231 4445 1264 4492 30
1281 4441 1310 4493 in

158 4521 252 4592 usum]
271 4520 382 4574 mixtim
396 4523 511 4590 Bentley
